@ARTICLE{Ma_1995,
   author = {{Ma}, C.-P. and {Bertschinger}, E.},
    title = "{Cosmological Perturbation Theory in the Synchronous and Conformal Newtonian Gauges}",
  journal = {\apj},
   eprint = {astro-ph/9506072},
 keywords = {COSMOLOGY: COSMIC MICROWAVE BACKGROUND, COSMOLOGY: THEORY, COSMOLOGY: LARGE-SCALE STRUCTURE OF UNIVERSE, GRAVITATION, COSMOLOGY: DARK MATTER, ELEMENTARY PARTICLES},
     year = 1995,
    month = dec,
   volume = 455,
    pages = {7},
      doi = {10.1086/176550},
   adsurl = {http://adsabs.harvard.edu/abs/1995ApJ...455....7M},
  adsnote = {Provided by the SAO/NASA Astrophysics Data System}
}

@ARTICLE{Bird_2012,
   author = {{Bird}, S. and {Viel}, M. and {Haehnelt}, M.~G.},
    title = "{Massive neutrinos and the non-linear matter power spectrum}",
  journal = {\mnras},
archivePrefix = "arXiv",
   eprint = {1109.4416},
 primaryClass = "astro-ph.CO",
 keywords = {neutrinos, dark matter, large-scale structure of Universe},
     year = 2012,
    month = jan,
    pages = {2175},
      doi = {10.1111/j.1365-2966.2011.20222.x},
   adsurl = {http://adsabs.harvard.edu/abs/2012MNRAS.tmp.2175B},
  adsnote = {Provided by the SAO/NASA Astrophysics Data System}
}

@ARTICLE{Vega1,
   author = {{de Vega}, H.~J. and {Sanchez}, N.~G.},
    title = "{Cosmological evolution of warm dark matter fluctuations. I. Efficient computational framework with Volterra integral equations}",
  journal = {\prd},
archivePrefix = "arXiv",
   eprint = {1111.0290},
 primaryClass = "astro-ph.CO",
 keywords = {Cosmology, Dark matter, Particle-theory and field-theory models of the early Universe},
     year = 2012,
    month = feb,
   volume = 85,
   number = 4,
      eid = {043516},
    pages = {043516},
      doi = {10.1103/PhysRevD.85.043516},
   adsurl = {http://adsabs.harvard.edu/abs/2012PhRvD..85d3516D},
  adsnote = {Provided by the SAO/NASA Astrophysics Data System}
}

@ARTICLE{Vega2,
   author = {{de Vega}, H.~J. and {Sanchez}, N.~G.},
    title = "{Cosmological evolution of warm dark matter fluctuations. II. Solution from small to large scales and keV sterile neutrinos}",
  journal = {\prd},
archivePrefix = "arXiv",
   eprint = {1111.0300},
 primaryClass = "astro-ph.CO",
 keywords = {Cosmology, Dark matter, Particle-theory and field-theory models of the early Universe},
     year = 2012,
    month = feb,
   volume = 85,
   number = 4,
      eid = {043517},
    pages = {043517},
      doi = {10.1103/PhysRevD.85.043517},
   adsurl = {http://adsabs.harvard.edu/abs/2012PhRvD..85d3517D},
  adsnote = {Provided by the SAO/NASA Astrophysics Data System}
}

% title = "{A Line-of-Sight Integration Approach to Cosmic Microwave Background Anisotropies}",
@ARTICLE{CMBFAST,
   author = {{Seljak}, U. and {Zaldarriaga}, M.},
   journal = {\apj},
   eprint = {astro-ph/9603033},
   year = 1996,
   volume = 469,
   adsurl = {http://adsabs.harvard.edu/abs/1996ApJ...469..437S},
   pages = {437}
}

% title = "{Massive neutrinos and cosmology}",
@ARTICLE{Lesgourgues_2006,
   author = {{Lesgourgues}, J. and {Pastor}, S.},
    title = "{Massive neutrinos and cosmology}",
  journal = {\physrep},
   eprint = {astro-ph/0603494},
     year = 2006,
    month = jul,
   volume = 429,
    pages = {307-379},
      doi = {10.1016/j.physrep.2006.04.001},
   adsurl = {http://adsabs.harvard.edu/abs/2006PhR...429..307L},
  adsnote = {Provided by the SAO/NASA Astrophysics Data System}
}

@ARTICLE{Edmonds,
   author = {{Edmonds}, A.~ R.~},
   year = 1996,
   journal = {\emph{Angular Momentum in Quantum Mechanics}, Princeton University Press}
}

#Matteo's neutrino code paper.
@ARTICLE{Viel_2010,
   author = {{Viel}, M. and {Haehnelt}, M.~G. and {Springel}, V.},
    title = "{The effect of neutrinos on the matter distribution as probed by the intergalactic medium}",
  journal = {\jcap},
archivePrefix = "arXiv",
   eprint = {1003.2422},
 primaryClass = "astro-ph.CO",
     year = 2010,
    month = jun,
   volume = 6,
    pages = {15-+},
      doi = {10.1088/1475-7516/2010/06/015},
   adsurl = {http://adsabs.harvard.edu/abs/2010JCAP...06..015V},
  adsnote = {Provided by the SAO/NASA Astrophysics Data System}
}

% title = "{Neutrino Mass in Cosmology: Status and Prospects}",
@ARTICLE{Wong_review,
   author = {{Wong}, Y.~Y.~Y.},
  journal = {Annual Review of Nuclear and Particle Science},
     year = 2011,
    month = nov,
   volume = 61,
    pages = {69-98},
     eprint = {1111.1436},
   adsurl = {http://adsabs.harvard.edu/abs/2011ARNPS..61...69W},
}

% title = "{Can we measure the neutrino mass hierarchy in the sky?}",
@ARTICLE{Jimenez,
   author = {{Jimenez}, R. and {Kitching}, T. and {Pe{\~n}a-Garay}, C. and
	{Verde}, L.},
     journal = {\jcap},
     year = 2010,
   volume = 5,
    pages = {35},
   eprint = {1003.5918},
   adsurl = {http://adsabs.harvard.edu/abs/2010JCAP...05..035J},
}

% title = "{Evolution of cosmological dark matter perturbations}",
@ARTICLE{CAMB_neutrinos,
   author = {{Lewis}, A. and {Challinor}, A.},
  journal = {\prd},
     year = 2002,
   volume = 66,
   number = 2,
    pages = {023531},
   eprint = {astro-ph/0203507},
   adsurl = {http://adsabs.harvard.edu/abs/2002PhRvD..66b3531L},
}

%  title = "{The Cosmic Linear Anisotropy Solving System (CLASS) IV: efficient implementation of non-cold relics}",
@ARTICLE{CLASS_neutrinos,
   author = {{Lesgourgues}, J. and {Tram}, T.},
  journal = {\jcap},
   eprint = {1104.2935},
   adsurl = {http://adsabs.harvard.edu/abs/2011JCAP...09..032L},
     year = 2011,
   volume = 9,
    pages = {32}
}

% title = "{Discreteness effects in simulations of hot/warm dark matter}",
@ARTICLE{Wang_White_07,
   author = {{Wang}, J. and {White}, S.~D.~M.},
    title = "{Discreteness effects in simulations of hot/warm dark matter}",
  journal = {\mnras},
   eprint = {astro-ph/0702575},
 keywords = {neutrinos, methods: N-body simulations, methods: numerical, dark matter},
     year = 2007,
    month = sep,
   volume = 380,
    pages = {93-103},
      doi = {10.1111/j.1365-2966.2007.12053.x},
   adsurl = {http://adsabs.harvard.edu/abs/2007MNRAS.380...93W},
  adsnote = {Provided by the SAO/NASA Astrophysics Data System}
}



% title = "{Massive neutrinos and the large-scale structure of the universe}",
@ARTICLE{Bond_1980,
   author = {{Bond}, J.~R. and {Efstathiou}, G. and {Silk}, J.},
   journal = {Physical Review Letters},
    year = 1980,
    volume = 45,
    pages = {1980-1984},
  adsurl = {http://adsabs.harvard.edu/abs/1980PhRvL..45.1980B},
}

% title = "{The collisionless damping of density fluctuations in an expanding universe}",
@ARTICLE{Bond_Szalay_1983,
   author = {{Bond}, J.~R. and {Szalay}, A.~S.},
  journal = {\apj},
      year = 1983,
     volume = 274,
    pages = {443-468},
   adsurl = {http://adsabs.harvard.edu/abs/1983ApJ...274..443B},
}

% title = "{Cosmological and astrophysical neutrino mass measurements}",
@ARTICLE{Abazajian,
   author = {{Abazajian}, K.~N. and others},
    journal = {Astroparticle Physics},
     year = 2011,
   volume = 35,
   adsurl = {http://adsabs.harvard.edu/abs/2011APh....35..177A},
   eprint = {1103.5083},
    pages = {177-184}
}

% title = "{The Influence of Baryons on the Clustering of Matter and Weak-Lensing Surveys}",
@ARTICLE{Jing_Zhang_06,
   author = {{Jing}, Y.~P. and {Zhang}, P. and {Lin}, W.~P. and {Gao}, L. and
	{Springel}, V.},
  journal = {\apjl},
  eprint = {astro-ph/0512426},
 adsurl = {http://adsabs.harvard.edu/abs/2006ApJ...640L.119J},
      year = 2006,
      volume = 640,
    pages = {L119-L122}
}

% title = "{Seven-year Wilkinson Microwave Anisotropy Probe (WMAP) Observations: Cosmological Interpretation}",
@ARTICLE{WMAP7,
   author = {{Komatsu}, E. and others},
   journal = {\apjs},
   eprint = {1001.4538},
   adsurl = {http://adsabs.harvard.edu/abs/2011ApJS..192...18K},
     year = 2011,
    volume = 192,
     pages = {18}
}
%   title = "{The Scientific Programme of Planck}",
@ARTICLE{Planck,
   author = {{Planck Collaboration}},
   eprint = {astro-ph/0604069},
    journal= "ESA-SCI",
     year = 2005,
    month = jan,
   adsurl = {http://adsabs.harvard.edu/abs/2006astro.ph..4069T},
}

%   title = "{N-body simulations of gravitational dynamics}",
@ARTICLE{Nbody,
   author = {{Dehnen}, W. and {Read}, J.~I.},
   journal = {European Physical Journal Plus},
   eprint = {1105.1082},
  adsurl = {http://adsabs.harvard.edu/abs/2011EPJP..126...55D},
     year = 2011,
      volume = 126,
    pages = {55}
}

% title = "{The impact of massive neutrinos on the abundance of massive clusters}",
@ARTICLE{Ichiki_Takada_2011,
   author = {{Ichiki}, K. and {Takada}, M.},
     journal = {ArXiv e-prints},
archivePrefix = "arXiv",
   eprint = {1108.4688},
     year = 2011
}

% title = "{Impact of Massive Neutrinos on the Nonlinear Matter Power Spectrum}",
@ARTICLE{Saito_2008,
   author = {{Saito}, S. and {Takada}, M. and {Taruya}, A.},
      journal = {Physical Review Letters},
     year = 2008,
   volume = 100,
   adsurl = {http://adsabs.harvard.edu/abs/2008PhRvL.100s1301S},
   eprint = {0801.0607},
    pages = {191301}
}

% title = "{Nonlinear power spectrum in the presence of massive neutrinos: Perturbation theory approach, galaxy bias, and parameter forecasts}",
@ARTICLE{Saito_2009,
   author = {{Saito}, S. and {Takada}, M. and {Taruya}, A.},
     journal = {\prd},
     year = 2009,
   eprint = {0907.2922},
   adsurl = {http://adsabs.harvard.edu/abs/2009PhRvD..80h3528S},
   volume = 80,
    pages = {083528}
}

% title = "{Neutrino mass constraint from the Sloan Digital Sky Survey power spectrum of luminous red galaxies and perturbation theory}",
@ARTICLE{Saito_21011,
   author = {{Saito}, S. and {Takada}, M. and {Taruya}, A.},
  journal = {\prd},
     year = 2011,
   volume = 83,
   eprint = {1006.4845},
   adsurl = {http://adsabs.harvard.edu/abs/2011PhRvD..83d3529S},
    pages = {043529}
}

%  title = "{Non-linear power spectrum including massive neutrinos: the time-RG flow approach}",
@ARTICLE{Lesgourgues_2009,
   author = {{Lesgourgues}, J. and {Matarrese}, S. and {Pietroni}, M. and
	{Riotto}, A.},
     journal = {\jcap},
     year = 2009,
   volume = 6,
   eprint = {0901.4550},
   adsurl = {http://adsabs.harvard.edu/abs/2009JCAP...06..017L},
    pages = {17}
}

% title = "{Nonlinear cosmological matter power spectrum with massive neutrinos: The halo model}",
@ARTICLE{Abazajian_Switzer_2005,
   author = {{Abazajian}, K. and {Switzer}, E.~R. and {Dodelson}, S. and
	{Heitmann}, K. and {Habib}, S.},
      journal = {\prd},
     year = 2005,
   volume = 71,
   eprint = {astro-ph/0411552},
   adsurl = {http://adsabs.harvard.edu/abs/2005PhRvD..71d3507A},
    pages = {043507}
}

%  title = "{Dissipationless clustering of neutrinos around a cosmic-string loop}",
@ARTICLE{Brandenberger_1987,
   author = {{Brandenberger}, R. and {Kaiser}, N. and {Turok}, N.},
    journal = {\prd},
     year = 1987,
   volume = 36,
   adsurl = {http://adsabs.harvard.edu/abs/1987PhRvD..36.2242B},
    pages = {2242-2249}
}

% title = "{Neutrino clustering in cold dark matter halos: Implications for ultrahigh energy cosmic rays}",
@ARTICLE{Singh_Ma_2003,
   author = {{Singh}, S. and {Ma}, C.-P.},
    journal = {\prd},
     year = 2003,
   volume = 67,
   eprint = {astro-ph/0208419},
   adsurl = {http://adsabs.harvard.edu/abs/2003PhRvD..67b3506S},
    pages = {023506}
}


#Hybrid grid/particle code
@ARTICLE{Brandbyge_2010,
   author = {{Brandbyge}, J. and {Hannestad}, S.},
    title = "{Resolving cosmic neutrino structure: a hybrid neutrino N-body scheme}",
  journal = {\jcap},
   eprint = {0908.1969},
     year = 2010,
    month = jan,
   volume = 1,
    pages = {21-+},
   adsurl = {http://adsabs.harvard.edu/abs/2010JCAP...01..021B},
}

#Grid based code
@ARTICLE{Brandbyge_2009,
   author = {{Brandbyge}, J. and {Hannestad}, S.},
    title = "{Grid based linear neutrino perturbations in cosmological N-body simulations}",
  journal = {\jcap},
   eprint = {0812.3149},
     year = 2009,
    month = may,
   volume = 5,
    pages = {2-+},
   adsurl = {http://adsabs.harvard.edu/abs/2009JCAP...05..002B},
}

#Particle based code
@ARTICLE{Brandbyge_2008,
   author = {{Brandbyge}, J. and {Hannestad}, S. and {Haugb{\o}lle}, T. and
	{Thomsen}, B.},
    title = "{The effect of thermal neutrino motion on the non-linear cosmological matter power spectrum}",
  journal = {\jcap},
   eprint = {0802.3700},
     year = 2008,
    month = aug,
   volume = 8,
    pages = {20-+},
   adsurl = {http://adsabs.harvard.edu/abs/2008JCAP...08..020B},
}

#Underlying physics of the neutrino effect
@ARTICLE{Hannestad_2005,
   author = {{Hannestad}, S. and {Ringwald}, A. and {Tu}, H. and {Wong}, Y.~Y.~Y.
	},
    title = "{Is it possible to tell the difference between fermionic and bosonic hot dark matter?}",
  journal = {\jcap},
   eprint = {astro-ph/0507544},
     year = 2005,
    month = sep,
   volume = 9,
    pages = {14-+},
   adsurl = {http://adsabs.harvard.edu/abs/2005JCAP...09..014H},
}

% title = "{The Structure of Cold Dark Matter Halos}",
@ARTICLE{NFW,
   author = {{Navarro}, J.~F. and {Frenk}, C.~S. and {White}, S.~D.~M.},
   journal = {\apj},
   year = 1996,
   volume = 462,
    pages = {563}
}

% title = "{Deriving the Nonlinear Cosmological Power Spectrum and Bispectrum from Analytic Dark Matter Halo Profiles and Mass Functions}",
@ARTICLE{Ma_Fry_2000,
   author = {{Ma}, C.-P. and {Fry}, J.~N.},
     journal = {\apj},
       year = 2000,
   volume = 543,
   eprint = {astro-ph/0003343},
   adsurl = {http://adsabs.harvard.edu/abs/2000ApJ...543..503M},
    pages = {503-513}
}

%    title = "{Status of global fits to neutrino oscillations}",
@ARTICLE{Oscillations,
   author = {{Maltoni}, M. and {Schwetz}, T. and {T{\'o}rtola}, M. and {Valle}, J.~W.~F.},
  journal = {New Journal of Physics},
     year = 2004,
   volume = 6,
   eprint = {hep-ph/0405172},
   adsurl = {http://adsabs.harvard.edu/abs/2004NJPh....6..122M},
    pages = {122}
}

% title = "{Gravitational clustering of relic neutrinos and implications for their detection}",
@ARTICLE{Ringwald_Wong_2004,
   author = {{Ringwald}, A. and {Wong}, Y.~Y.~Y.},
   journal = {\jcap},
   year = 2004,
   volume = 12,
   eprint = {hep-ph/0408241},
   adsurl = {http://adsabs.harvard.edu/abs/2004JCAP...12..005R},
   pages = {5}
}

@ARTICLE{Springel_2005,
   author = {{Springel}, V.},
    title = "{The cosmological simulation code GADGET-2}",
  journal = {\mnras},
    year = 2005,
    volume = 364,
   eprint = {astro-ph/0206393},
   adsurl = {http://adsabs.harvard.edu/abs/2003MNRAS.339..289S},
    pages = {1105-1134}
}

@BOOK{Weinberg_book,
   author = {{Weinberg}, S.},
    title = {\emph{Cosmology}},
booktitle = {Cosmology, by Steven Weinberg.~ISBN 978-0-19-852682-7.~Published by Oxford University Press, Oxford, UK, 2008.},
     year = 2008,
publisher = {Oxford University Press}
}

% title = "{An Integral Equation for the Development of Irregularities in an Expanding Universe}",
@ARTICLE{Gilbert_1966,
   author = {{Gilbert}, I.~H.},
      journal = {\apj},
     year = 1966,
      volume = 144,
      adsurl = {http://adsabs.harvard.edu/abs/1966ApJ...144..233G},
    pages = {233}
}
% title = "{Galaxy formation with cosmic strings and massive neutrinos}",
@ARTICLE{Bertschinger_Watts_1988,
   author = {{Bertschinger}, E. and {Watts}, P.~N.},
    journal = {\apj},
    year = 1988,
    volume = 328,
    adsurl = {http://adsabs.harvard.edu/abs/1988ApJ...328...23B},
    pages = {23-33}
}

@BOOK{Bessel,
  author = {Weisstein, Eric W.},
  year = 2012,
  title = {\emph{Spherical Bessel Function of the First Kind}},
  publisher = {From MathWorld--A Wolfram Web Resource}
}

@BOOK{Legendre,
  author = {Weisstein, Eric W.},
  year = 2012,
  title = {\emph{Legendre Polynomial}},
  publisher = {From MathWorld--A Wolfram Web Resource}
}

%title = "{Analytic model for galaxy and dark matter clustering}",
@ARTICLE{Seljak_2000,
   author = {{Seljak}, U.},
  journal = {\mnras},
      year = 2000,
      volume = 318,
      eprint = {astro-ph/0001493},
      adsurl = {http://adsabs.harvard.edu/abs/2000MNRAS.318..203S},
    pages = {203-213}
}


%Lya flux power
@ARTICLE{Theuns_1998,
   author = {{Theuns}, T. and {Leonard}, A. and {Efstathiou}, G. and {Pearce}, F.~R. and
	{Thomas}, P.~A.},
    title = "{P\^{}3M-SPH simulations of the Lyalpha forest}",
  journal = {\mnras},
   eprint = {astro-ph/9805119},
     year = 1998,
    month = dec,
   volume = 301,
    pages = {478-502},
   adsurl = {http://adsabs.harvard.edu/abs/1998MNRAS.301..478T},
}

@ARTICLE{Scoccimarro_1998,
   author = {{Scoccimarro}, R.},
    title = "{Transients from initial conditions: a perturbative analysis}",
  journal = {\mnras},
   eprint = {astro-ph/9711187},
     year = 1998,
    month = oct,
   volume = 299,
    pages = {1097-1118},
   adsurl = {http://adsabs.harvard.edu/abs/1998MNRAS.299.1097S},
}

@ARTICLE{Bird_2011,
   author = {{Bird}, S. and {Peiris}, H.~V. and {Viel}, M. and {Verde}, L.
	},
    title = "{Minimally parametric power spectrum reconstruction from the Lyman {$\alpha$} forest}",
  journal = {\mnras},
   eprint = {1010.1519},
     year = 2011,
    month = may,
   volume = 413,
    pages = {1717-1728},
   adsurl = {http://adsabs.harvard.edu/abs/2011MNRAS.413.1717B},
}

@ARTICLE{Paco_2011,
   author = {{Villaescusa-Navarro}, F. and {Miralda-Escud{\'e}}, J. and {Pe{\~n}a-Garay}, C. and
	{Quilis}, V.},
    title = "{Neutrino halos in clusters of galaxies and their weak lensing signature}",
  journal = {\jcap},
   eprint = {1104.4770},
     year = 2011,
    month = jun,
   volume = 6,
    pages = {27},
   adsurl = {http://adsabs.harvard.edu/abs/2011JCAP...06..027V},
}

#Forecasts for future surveys
@Article{Wang_2005,
     author    = "Wang, Sheng and Haiman, Zoltan and Hu, Wayne and Khoury,
                  Justin and May, Morgan",
     title     = "{Weighing Neutrinos with Galaxy Cluster Surveys}",
     journal   = "Phys. Rev. Lett.",
     volume    = "95",
     year      = "2005",
     pages     = "011302",
     eprint    = "astro-ph/0505390",
     adsurl = {http://adsabs.harvard.edu/abs/2005PhRvL..95a1302W},
}

@Article{Vallinotto_2009,
     author    = "Vallinotto, Alberto and Viel, Matteo and Das, Sudeep and
                  Spergel, David N.",
     title     = "{Cross-correlations of the Lyman-alpha forest with weak
                  lensing convergence I: Analytical Estimates of S/N and
                  Implications for Neutrino Mass and Dark Energy}",
     year      = "2009",
     eprint    = "0910.4125",
     journal = {\apj},
     adsurl = {http://adsabs.harvard.edu/abs/2011ApJ...735...38V},
}

@Article{Gratton_2007,
     author    = "Gratton, Steven and Lewis, Antony and Efstathiou, George",
     title     = "{Prospects for Constraining Neutrino Mass Using Planck and
                  Lyman-Alpha   Forest Data}",
     journal   = "Phys. Rev.",
     volume    = "D77",
     year      = "2008",
     pages     = "083507",
     eprint    = "0705.3100",
     adsurl = {http://adsabs.harvard.edu/abs/2008PhRvD..77h3507G},
}

@ARTICLE{Kaplinghat_2003,
   author = {{Kaplinghat}, M. and {Knox}, L. and {Song}, Y.-S.},
    title = "{Determining Neutrino Mass from the Cosmic Microwave Background Alone}",
  journal = {Physical Review Letters},
   eprint = {astro-ph/0303344},
     year = 2003,
    month = dec,
   volume = 91,
   number = 24,
    pages = {241301-+},
   adsurl = {http://adsabs.harvard.edu/abs/2003PhRvL..91x1301K},
}

@ARTICLE{Cooray_1999,
   author = {{Cooray}, A.~R.},
    title = "{Weighing neutrinos: weak lensing approach}",
  journal = {\aap},
   eprint = {astro-ph/9904246},
     year = 1999,
    month = aug,
   volume = 348,
    pages = {31-37},
   adsurl = {http://adsabs.harvard.edu/abs/1999AA...348...31C},
}


@INPROCEEDINGS{Euclid_2010,
   author = {{Beaulieu}, J.~P. and others },
    title = "{EUCLID: Dark Universe Probe and Microlensing Planet Hunter}",
     year = 2010,
   series = {ASP Conf. Ser.},
booktitle = {Pathways Towards Habitable Planets},
   volume = 430,
   eprint = {1001.3349},
    month = oct,
    pages = {266-+},
   adsurl = {http://adsabs.harvard.edu/abs/2010ASPC..430..266B},
}

@ARTICLE{Carbone_2011,
   author = {{Carbone}, C. and {Verde}, L. and {Wang}, Y. and {Cimatti}, A.
	},
    title = "{Neutrino constraints from future nearly all-sky spectroscopic galaxy surveys}",
  journal = {\jcap},
   eprint = {1012.2868},
     year = 2011,
    month = mar,
   volume = 3,
    pages = {30-+},
   adsurl = {http://adsabs.harvard.edu/abs/2011JCAP...03..030C},
}

@INPROCEEDINGS{Schlegel_2009,
   author = {{Schlegel}, D. and {White}, M. and {Eisenstein}, D.},
    title = "{The Baryon Oscillation Spectroscopic Survey: Precision measurement of the absolute cosmic distance scale}",
booktitle = {Astro2010, A\&A Decadal Survey.},
publisher = {National Academies Press},
     year = 2009,
   eprint = {0902.4680},
    pages = {314},
   adsurl = {http://adsabs.harvard.edu/abs/2009astro2010S.314S},
}
{Calabrese}, E. and {Cooray}, A. and
	{de Bernardis}, F. and {Dodelson}, S. and {Friedland}, A. and
	{Fuller}, G.~M. and {Hannestad}, S. and {Keating}, B.~G. and
	{Linder}, E.~V. and {Lunardini}, C. and {Melchiorri}, A. and
	{Miquel}, R. and {Pierpaoli}, E. and {Pritchard}, J. and {Serra}, P. and
	{Takada}, M. and {Wong}, Y.~Y.~Y.},

@Article{McDonald_2004data,
     author    = "McDonald, Patrick and others",
 collaboration = "SDSS",
     title     = "{The Lyman-alpha Forest Power Spectrum from the Sloan
                  Digital Sky Survey}",
     journal   = "Astrophys. J. Suppl.",
     volume    = "163",
     year      = "2006",
     pages     = "80-109",
     eprint    = "astro-ph/0405013",
     adsurl = {http://adsabs.harvard.edu/abs/2006ApJS..163...80M},
}

@ARTICLE{Wagner_2012,
   author = {{Wagner}, C. and {Verde}, L. and {Jimenez}, R.},
    title = "{Effects of the Neutrino Mass Splitting on the Nonlinear Matter Power Spectrum}",
  journal = {\apjl},
   eprint = {1203.5342},
     year = 2012,
    month = jun,
   volume = 752,
    pages = {L31},
   adsurl = {http://adsabs.harvard.edu/abs/2012ApJ...752L..31W},
}

@ARTICLE{Kraus_2005,
   author = {{Kraus}, C. and {Bornschein}, L. and {Bonn}, J. and {Bornschein}, B. and
	{Flatt}, B. and {Kovalik}, A. and {M{\"u}ller}, B. and {Otten}, E.~W. and
	{Schall}, J.~P. and {Th{\"u}mmler}, T. and {Weinheimer}, C.},
    title = "{The Mainz Neutrino Mass Experiment}",
  journal = {Nuclear Physics B Proceedings Supplements},
     year = 2005,
    month = jun,
   volume = 143,
    pages = {499-499},
   adsurl = {http://adsabs.harvard.edu/abs/2005NuPhS.143..499K},
}

@ARTICLE{Eitel_2005,
   author = {{Eitel}, K.},
    title = "{Direct Neutrino Mass Experiments}",
  journal = {Nuclear Physics B Proceedings Supplements},
     year = 2005,
    month = jun,
   volume = 143,
    pages = {197-204},
   adsurl = {http://adsabs.harvard.edu/abs/2005NuPhS.143..197E},
}

%  title = "{New Neutrino Mass Bounds from Sloan Digital Sky Survey III Data Release 8 Photometric Luminous Galaxies}",
@ARTICLE{SDSS_2012,
   author = {{de Putter}, R. and others},
    journal = {ArXiv e-prints},
   eprint = {1201.1909},
     year = 2012,
    month = jan,
   adsurl = {http://adsabs.harvard.edu/abs/2012arXiv1201.1909D},
}

%Weak lensing
@ARTICLE{Ichiki_2009,
   author = {{Ichiki}, K. and {Takada}, M. and {Takahashi}, T.},
    title = "{Constraints on neutrino masses from weak lensing}",
  journal = {\prd},
   eprint = {0810.4921},
     year = 2009,
    month = jan,
   volume = 79,
   number = 2,
    pages = {023520-+},
   adsurl = {http://adsabs.harvard.edu/abs/2009PhRvD..79b3520I},
}

@ARTICLE{Hall_2012,
   author = {{Hall}, A.~C. and {Challinor}, A.},
    title = "{Probing the neutrino mass hierarchy with cosmic microwave background weak lensing}",
  journal = {\mnras},
   eprint = {1205.6172},
     year = 2012,
    month = aug,
    pages = {3504},
   adsurl = {http://adsabs.harvard.edu/abs/2012MNRAS.tmp.3504H},
}

@ARTICLE{Seljak_2006,
   author = {{Seljak}, U. and {Slosar}, A. and {McDonald}, P.},
    title = "{Cosmological parameters from combining the Lyman-{$\alpha$} forest with CMB, galaxy clustering and SN constraints}",
  journal = {\jcap},
   eprint = {astro-ph/0604335},
     year = 2006,
    month = oct,
   volume = 10,
    pages = {14},
   adsurl = {http://adsabs.harvard.edu/abs/2006JCAP...10..014S},
}

@ARTICLE{Vikhlinin_2009,
   author = {{Vikhlinin}, A. and {Kravtsov}, A.~V. and {Burenin}, R.~A. and
	{Ebeling}, H. and {Forman}, W.~R. and {Hornstrup}, A. and {Jones}, C. and
	{Murray}, S.~S. and {Nagai}, D. and {Quintana}, H. and {Voevodkin}, A.
	},
    title = "{Chandra Cluster Cosmology Project III: Cosmological Parameter Constraints}",
  journal = {\apj},
   eprint = {0812.2720},
     year = 2009,
    month = feb,
   volume = 692,
    pages = {1060-1074},
   adsurl = {http://adsabs.harvard.edu/abs/2009ApJ...692.1060V},
}

@ARTICLE{McQuinn_2006,
   author = {{McQuinn}, M. and {Zahn}, O. and {Zaldarriaga}, M. and {Hernquist}, L. and
	{Furlanetto}, S.~R.},
    title = "{Cosmological Parameter Estimation Using 21 cm Radiation from the Epoch of Reionization}",
  journal = {\apj},
   eprint = {astro-ph/0512263},
     year = 2006,
    month = dec,
   volume = 653,
    pages = {815-834},
   adsurl = {http://adsabs.harvard.edu/abs/2006ApJ...653..815M},
}

@ARTICLE{Mao_2008,
   author = {{Mao}, Y. and {Tegmark}, M. and {McQuinn}, M. and {Zaldarriaga}, M. and
	{Zahn}, O.},
    title = "{How accurately can 21cm tomography constrain cosmology?}",
  journal = {\prd},
   eprint = {0802.1710},
     year = 2008,
    month = jul,
   volume = 78,
   number = 2,
    pages = {023529},
   adsurl = {http://adsabs.harvard.edu/abs/2008PhRvD..78b3529M},
}

@ARTICLE{Xia_2012,
   author = {{Xia}, J.-Q. and {Granett}, B.~R. and {Viel}, M. and {Bird}, S. and
	{Guzzo}, L. and {Haehnelt}, M.~G. and {Coupon}, J. and {McCracken}, H.~J. and
	{Mellier}, Y.},
    title = "{Constraints on massive neutrinos from the CFHTLS angular power spectrum}",
  journal = {\jcap},
   eprint = {1203.5105},
     year = 2012,
    month = jun,
   volume = 6,
      eid = {010},
    pages = {10},
   adsurl = {http://adsabs.harvard.edu/abs/2012JCAP...06..010X},
}

@ARTICLE{Marulli_2011,
   author = {{Marulli}, F. and {Carbone}, C. and {Viel}, M. and {Moscardini}, L. and
	{Cimatti}, A.},
    title = "{Effects of massive neutrinos on the large-scale structure of the Universe}",
  journal = {\mnras},
   eprint = {1103.0278},
     year = 2011,
    month = nov,
   volume = 418,
    pages = {346-356},
   adsurl = {http://adsabs.harvard.edu/abs/2011MNRAS.418..346M},
}

@ARTICLE{Brandbyge_2010a,
   author = {{Brandbyge}, J. and {Hannestad}, S. and {Haugb{\o}lle}, T. and
	{Wong}, Y.~Y.~Y.},
    title = "{Neutrinos in non-linear structure formation {\mdash} the effect on halo properties}",
  journal = {\jcap},
archivePrefix = "arXiv",
   eprint = {1004.4105},
 primaryClass = "astro-ph.CO",
     year = 2010,
    month = sep,
   volume = 9,
      eid = {014},
    pages = {14},
      doi = {10.1088/1475-7516/2010/09/014},
   adsurl = {http://adsabs.harvard.edu/abs/2010JCAP...09..014B},
  adsnote = {Provided by the SAO/NASA Astrophysics Data System}
}

@ARTICLE{Fogli_2012,
   author = {{Fogli}, G.~L. and {Lisi}, E. and {Marrone}, A. and {Montanino}, D. and
	{Palazzo}, A. and {Rotunno}, A.~M.},
    title = "{Global analysis of neutrino masses, mixings, and phases: Entering the era of leptonic CP violation searches}",
  journal = {\prd},
archivePrefix = "arXiv",
   eprint = {1205.5254},
 primaryClass = "hep-ph",
 keywords = {Neutrino mass and mixing, Neutrino interactions, Charge conjugation, parity, time reversal, and other discrete symmetries},
     year = 2012,
    month = jul,
   volume = 86,
   number = 1,
      eid = {013012},
    pages = {013012},
      doi = {10.1103/PhysRevD.86.013012},
   adsurl = {http://adsabs.harvard.edu/abs/2012PhRvD..86a3012F},
  adsnote = {Provided by the SAO/NASA Astrophysics Data System}
}

@ARTICLE{Gnedin_1998,
   author = {{Gnedin}, N.~Y. and {Hui}, L.},
    title = "{Probing the Universe with the Lyalpha forest - I. Hydrodynamics of the low-density intergalactic medium}",
  journal = {\mnras},
   eprint = {astro-ph/9706219},
 keywords = {HYDRODYNAMICS, METHODS: NUMERICAL, INTERGALACTIC MEDIUM, QUASARS: ABSORPTION LINES, COSMOLOGY: THEORY},
     year = 1998,
    month = may,
   volume = 296,
    pages = {44-55},
      doi = {10.1046/j.1365-8711.1998.01249.x},
   adsurl = {http://adsabs.harvard.edu/abs/1998MNRAS.296...44G},
  adsnote = {Provided by the SAO/NASA Astrophysics Data System}
}

@ARTICLE{Shoji_Komatsu_2009,
   author = {{Shoji}, M. and {Komatsu}, E.},
    title = "{Third-Order Perturbation Theory with Nonlinear Pressure}",
  journal = {\apj},
archivePrefix = "arXiv",
   eprint = {0903.2669},
 primaryClass = "astro-ph.CO",
 keywords = {cosmology: theory, large-scale structure of universe},
     year = 2009,
    month = jul,
   volume = 700,
    pages = {705-719},
      doi = {10.1088/0004-637X/700/1/705},
   adsurl = {http://adsabs.harvard.edu/abs/2009ApJ...700..705S},
  adsnote = {Provided by the SAO/NASA Astrophysics Data System}
}

@ARTICLE{Takada_Komatsu_2006,
   author = {{Takada}, M. and {Komatsu}, E. and {Futamase}, T.},
    title = "{Cosmology with high-redshift galaxy survey: Neutrino mass and inflation}",
  journal = {\prd},
   eprint = {astro-ph/0512374},
 keywords = {Superclusters; large-scale structure of the Universe, Background radiations, Particle-theory and field-theory models of the early Universe},
     year = 2006,
    month = apr,
   volume = 73,
   number = 8,
      eid = {083520},
    pages = {083520},
      doi = {10.1103/PhysRevD.73.083520},
   adsurl = {http://adsabs.harvard.edu/abs/2006PhRvD..73h3520T},
  adsnote = {Provided by the SAO/NASA Astrophysics Data System}
}

@ARTICLE{Shoji_Komatsu_2010,
   author = {{Shoji}, M. and {Komatsu}, E.},
    title = "{Massive neutrinos in cosmology: Analytic solutions and fluid approximation}",
  journal = {\prd},
 keywords = {Superclusters; large-scale structure of the Universe, Background radiations, Particle-theory and field-theory models of the early Universe},
     year = 2010,
    month = jun,
   volume = 81,
   number = 12,
      eid = {123516},
    pages = {123516},
      doi = {10.1103/PhysRevD.81.123516},
   adsurl = {http://adsabs.harvard.edu/abs/2010PhRvD..81l3516S},
  adsnote = {Provided by the SAO/NASA Astrophysics Data System}
}

@ARTICLE{Wong_2008,
   author = {{Wong}, Y.~Y.~Y.},
    title = "{Higher order corrections to the large scale matter power spectrum in the presence of massive neutrinos}",
  journal = {\jcap},
archivePrefix = "arXiv",
   eprint = {0809.0693},
     year = 2008,
    month = oct,
   volume = 10,
      eid = {035},
    pages = {35},
      doi = {10.1088/1475-7516/2008/10/035},
   adsurl = {http://adsabs.harvard.edu/abs/2008JCAP...10..035W},
  adsnote = {Provided by the SAO/NASA Astrophysics Data System}
}

@ARTICLE{Hannestad_2012,
   author = {{Hannestad}, S. and {Haugb{\o}lle}, T. and {Schultz}, C.},
    title = "{Neutrinos in non-linear structure formation {\mdash} a simple SPH approach}",
  journal = {\jcap},
archivePrefix = "arXiv",
   eprint = {1110.1257},
 primaryClass = "astro-ph.CO",
     year = 2012,
    month = feb,
   volume = 2,
      eid = {045},
    pages = {45},
      doi = {10.1088/1475-7516/2012/02/045},
   adsurl = {http://adsabs.harvard.edu/abs/2012JCAP...02..045H},
  adsnote = {Provided by the SAO/NASA Astrophysics Data System}
}

@ARTICLE{AHB,
   author = {{Ali-Ha{\"i}moud}, Y. and {Bird}, S.},
    title = "{An efficient implementation of massive neutrinos in non-linear structure formation simulations}",
  journal = {\mnras},
archivePrefix = "arXiv",
   eprint = {1209.0461},
 keywords = {neutrinos, cosmology: dark matter, cosmology: large-scale structure of Universe, cosmology: theory},
     year = 2013,
    month = feb,
   volume = 428,
    pages = {3375-3389},
      doi = {10.1093/mnras/sts286},
   adsurl = {http://adsabs.harvard.edu/abs/2013MNRAS.428.3375A},
  adsnote = {Provided by the SAO/NASA Astrophysics Data System}
}


@ARTICLE{Groth:1975,
   author = {{Groth}, E.~J. and {Peebles}, P.~J.~E.},
    title = "{Closed-form solutions for the evolution of density perturbations in some cosmological models}",
  journal = {\aap},
 keywords = {Astronomical Models, Cosmology, Density Distribution, Perturbation Theory, Linear Equations, Red Shift, Relativistic Theory},
     year = 1975,
    month = jun,
   volume = 41,
    pages = {143-145},
   adsurl = {http://adsabs.harvard.edu/abs/1975A%26A....41..143G},
  adsnote = {Provided by the SAO/NASA Astrophysics Data System}
}


@ARTICLE{Zeldovich_1970,
   author = {{Zel'dovich}, Y.~B.},
    title = "{Gravitational instability: An approximate theory for large density perturbations.}",
  journal = {\aap},
     year = 1970,
    month = mar,
   volume = 5,
    pages = {84-89},
   adsurl = {http://adsabs.harvard.edu/abs/1970A%26A.....5...84Z},
  adsnote = {Provided by the SAO/NASA Astrophysics Data System}
}


@ARTICLE{Zennaro_2017,
   author = {{Zennaro}, M. and {Bel}, J. and {Villaescusa-Navarro}, F. and
	{Carbone}, C. and {Sefusatti}, E. and {Guzzo}, L.},
    title = "{Initial conditions for accurate N-body simulations of massive neutrino cosmologies}",
  journal = {\mnras},
archivePrefix = "arXiv",
   eprint = {1605.05283},
 keywords = {methods: analytical, methods: data analysis, methods: numerical, methods: statistical, large-scale structure of Universe},
     year = 2017,
    month = apr,
   volume = 466,
    pages = {3244-3258},
      doi = {10.1093/mnras/stw3340},
   adsurl = {http://adsabs.harvard.edu/abs/2017MNRAS.466.3244Z},
  adsnote = {Provided by the SAO/NASA Astrophysics Data System}
}

@BOOK{Peebles:1993,
   author = {{Peebles}, P.~J.~E.},
    title = "{Principles of Physical Cosmology}",
booktitle = {Principles of Physical Cosmology},
    publisher = {Princeton University Press},
    ISBN ={978-0-691-01933-8},
     year = 1993,
   adsurl = {http://adsabs.harvard.edu/abs/1993ppc..book.....P},
  adsnote = {Provided by the SAO/NASA Astrophysics Data System}
}

@ARTICLE{Bouchet:1995,
   author = {{Bouchet}, F.~R. and {Colombi}, S. and {Hivon}, E. and {Juszkiewicz}, R.
	},
    title = "{Perturbative Lagrangian approach to gravitational instability.}",
  journal = {\aap},
   eprint = {astro-ph/9406013},
 keywords = {COSMOLOGY: THEORY, LARGE SCALE STRUCTURE OF UNIVERSE, METHODS: NUMERICAL AND ANALYTICAL},
     year = 1995,
    month = apr,
   volume = 296,
    pages = {575},
   adsurl = {http://adsabs.harvard.edu/abs/1995A%26A...296..575B},
  adsnote = {Provided by the SAO/NASA Astrophysics Data System}
}


@ARTICLE{YAHSB,
   author = {{Ali-Ha{\"i}moud}, Y. and {Bird}, S.},
    title = "{An efficient implementation of massive neutrinos in non-linear structure formation simulations}",
  journal = {\mnras},
archivePrefix = "arXiv",
   eprint = {1209.0461},
 keywords = {neutrinos, cosmology: dark matter, cosmology: large-scale structure of Universe, cosmology: theory},
     year = 2013,
    month = feb,
   volume = 428,
    pages = {3375-3389},
      doi = {10.1093/mnras/sts286},
   adsurl = {http://adsabs.harvard.edu/abs/2013MNRAS.428.3375A},
  adsnote = {Provided by the SAO/NASA Astrophysics Data System}
}


@ARTICLE{Beutler_2014,
   author = {{Beutler}, F. and {Saito}, S. and {Brownstein}, J.~R. and {Chuang}, C.-H. and
	{Cuesta}, A.~J. and {Percival}, W.~J. and {Ross}, A.~J. and
	{Ross}, N.~P. and {Schneider}, D.~P. and {Samushia}, L. and
	{S{\'a}nchez}, A.~G. and {Seo}, H.-J. and {Tinker}, J.~L. and
	{Wagner}, C. and {Weaver}, B.~A.},
    title = "{The clustering of galaxies in the SDSS-III Baryon Oscillation Spectroscopic Survey: signs of neutrino mass in current cosmological data sets}",
  journal = {\mnras},
archivePrefix = "arXiv",
   eprint = {1403.4599},
 keywords = {surveys, cosmological parameters, cosmology: observations, large-scale structure of Universe},
     year = 2014,
    month = nov,
   volume = 444,
    pages = {3501-3516},
      doi = {10.1093/mnras/stu1702},
   adsurl = {http://adsabs.harvard.edu/abs/2014MNRAS.444.3501B},
  adsnote = {Provided by the SAO/NASA Astrophysics Data System}
}


@ARTICLE{Feng_2016,
   author = {{Feng}, Y. and {Di-Matteo}, T. and {Croft}, R.~A. and {Bird}, S. and
	{Battaglia}, N. and {Wilkins}, S.},
    title = "{The BlueTides simulation: first galaxies and reionization}",
  journal = {\mnras},
archivePrefix = "arXiv",
   eprint = {1504.06619},
 keywords = {Galaxy: formation, dark ages, reionization, first stars},
     year = 2016,
    month = jan,
   volume = 455,
    pages = {2778-2791},
      doi = {10.1093/mnras/stv2484},
   adsurl = {http://adsabs.harvard.edu/abs/2016MNRAS.455.2778F},
  adsnote = {Provided by the SAO/NASA Astrophysics Data System}
}


@ARTICLE{Planck_2015,
   author = {{Planck Collaboration} and {Ade}, P.~A.~R. and {Aghanim}, N. and
	{Arnaud}, M. and {Ashdown}, M. and {Aumont}, J. and {Baccigalupi}, C. and
	{Banday}, A.~J. and {Barreiro}, R.~B. and {Bartlett}, J.~G. and et al.},
    title = "{Planck 2015 results. XIII. Cosmological parameters}",
  journal = {\aap},
archivePrefix = "arXiv",
   eprint = {1502.01589},
 keywords = {cosmology: observations, cosmology: theory, cosmic background radiation, cosmological parameters},
     year = 2016,
    month = sep,
   volume = 594,
      eid = {A13},
    pages = {A13},
      doi = {10.1051/0004-6361/201525830},
   adsurl = {http://adsabs.harvard.edu/abs/2016A%26A...594A..13P},
  adsnote = {Provided by the SAO/NASA Astrophysics Data System}
}


@ARTICLE{Banerjee_2016,
   author = {{Banerjee}, A. and {Dalal}, N.},
    title = "{Simulating nonlinear cosmological structure formation with massive neutrinos}",
  journal = {\jcap},
archivePrefix = "arXiv",
   eprint = {1606.06167},
     year = 2016,
    month = nov,
   volume = 11,
      eid = {015},
    pages = {015},
      doi = {10.1088/1475-7516/2016/11/015},
   adsurl = {http://adsabs.harvard.edu/abs/2016JCAP...11..015B},
  adsnote = {Provided by the SAO/NASA Astrophysics Data System}
}


@ARTICLE{Inman_2015,
   author = {{Inman}, D. and {Emberson}, J.~D. and {Pen}, U.-L. and {Farchi}, A. and
	{Yu}, H.-R. and {Harnois-D{\'e}raps}, J.},
    title = "{Precision reconstruction of the cold dark matter-neutrino relative velocity from N -body simulations}",
  journal = {\prd},
archivePrefix = "arXiv",
   eprint = {1503.07480},
 keywords = {Superclusters, large-scale structure of the Universe, Neutrino mass and mixing},
     year = 2015,
    month = jul,
   volume = 92,
   number = 2,
      eid = {023502},
    pages = {023502},
      doi = {10.1103/PhysRevD.92.023502},
   adsurl = {http://adsabs.harvard.edu/abs/2015PhRvD..92b3502I},
  adsnote = {Provided by the SAO/NASA Astrophysics Data System}
}

@ARTICLE{Inman_2017,
   author = {{Inman}, D. and {Yu}, H.-R. and {Zhu}, H.-M. and {Emberson}, J.~D. and
	{Pen}, U.-L. and {Zhang}, T.-J. and {Yuan}, S. and {Chen}, X. and
	{Xing}, Z.-Z.},
    title = "{Simulating the cold dark matter-neutrino dipole with TianNu}",
  journal = {\prd},
     year = 2017,
    month = apr,
   volume = 95,
   number = 8,
      eid = {083518},
    pages = {083518},
      doi = {10.1103/PhysRevD.95.083518},
   adsurl = {http://adsabs.harvard.edu/abs/2017PhRvD..95h3518I},
  adsnote = {Provided by the SAO/NASA Astrophysics Data System}
}


@ARTICLE{FVN_2017,
   author = {{Villaescusa-Navarro}, F. and {Banerjee}, A. and {Dalal}, N. and
	{Castorina}, E. and {Scoccimarro}, R. and {Angulo}, R. and {Spergel}, D.~N.
	},
    title = "{The imprint of neutrinos on clustering in redshift-space}",
  journal = {ArXiv e-prints},
archivePrefix = "arXiv",
   eprint = {1708.01154},
 keywords = {Astrophysics - Cosmology and Nongalactic Astrophysics},
     year = 2017,
    month = aug,
   adsurl = {http://adsabs.harvard.edu/abs/2017arXiv170801154V},
  adsnote = {Provided by the SAO/NASA Astrophysics Data System}
}


@ARTICLE{Ptolemy,
   author = {{Betts}, S. and {Blanchard}, W.~R. and {Carnevale}, R.~H. and
	{Chang}, C. and {Chen}, C. and {Chidzik}, S. and {Ciebiera}, L. and
	{Cloessner}, P. and {Cocco}, A. and {Cohen}, A. and {Dong}, J. and
	{Klemmer}, R. and {Komor}, M. and {Gentile}, C. and {Harrop}, B. and
	{Hopkins}, A. and {Jarosik}, N. and {Mangano}, G. and {Messina}, M. and
	{Osherson}, B. and {Raitses}, Y. and {Sands}, W. and {Schaefer}, M. and
	{Taylor}, J. and {Tully}, C.~G. and {Woolley}, R. and {Zwicker}, A.
	},
    title = "{Development of a Relic Neutrino Detection Experiment at PTOLEMY: Princeton Tritium Observatory for Light, Early-Universe, Massive-Neutrino Yield}",
  journal = {ArXiv e-prints},
archivePrefix = "arXiv",
   eprint = {1307.4738},
 primaryClass = "astro-ph.IM",
 keywords = {Astrophysics - Instrumentation and Methods for Astrophysics, Physics - Instrumentation and Detectors},
     year = 2013,
    month = jul,
   adsurl = {http://adsabs.harvard.edu/abs/2013arXiv1307.4738B},
  adsnote = {Provided by the SAO/NASA Astrophysics Data System}
}



@ARTICLE{FVN_2013,
   author = {{Villaescusa-Navarro}, F. and {Bird}, S. and {Pe{\~n}a-Garay}, C. and
	{Viel}, M.},
    title = "{Non-linear evolution of the cosmic neutrino background}",
  journal = {\jcap},
archivePrefix = "arXiv",
   eprint = {1212.4855},
     year = 2013,
    month = mar,
   volume = 3,
      eid = {019},
    pages = {019},
      doi = {10.1088/1475-7516/2013/03/019},
   adsurl = {http://adsabs.harvard.edu/abs/2013JCAP...03..019V},
  adsnote = {Provided by the SAO/NASA Astrophysics Data System}
}


@ARTICLE{Massara_2015,
   author = {{Massara}, E. and {Villaescusa-Navarro}, F. and {Viel}, M. and
	{Sutter}, P.~M.},
    title = "{Voids in massive neutrino cosmologies}",
  journal = {\jcap},
archivePrefix = "arXiv",
   eprint = {1506.03088},
     year = 2015,
    month = nov,
   volume = 11,
      eid = {018},
    pages = {018},
      doi = {10.1088/1475-7516/2015/11/018},
   adsurl = {http://adsabs.harvard.edu/abs/2015JCAP...11..018M},
  adsnote = {Provided by the SAO/NASA Astrophysics Data System}
}


@ARTICLE{FVN_2014,
   author = {{Villaescusa-Navarro}, F. and {Marulli}, F. and {Viel}, M. and
	{Branchini}, E. and {Castorina}, E. and {Sefusatti}, E. and
	{Saito}, S.},
    title = "{Cosmology with massive neutrinos I: towards a realistic modeling of the relation between matter, haloes and galaxies}",
  journal = {\jcap},
archivePrefix = "arXiv",
   eprint = {1311.0866},
     year = 2014,
    month = mar,
   volume = 3,
      eid = {011},
    pages = {011},
      doi = {10.1088/1475-7516/2014/03/011},
   adsurl = {http://adsabs.harvard.edu/abs/2014JCAP...03..011V},
  adsnote = {Provided by the SAO/NASA Astrophysics Data System}
}

@ARTICLE{Castorina_2014,
   author = {{Castorina}, E. and {Sefusatti}, E. and {Sheth}, R.~K. and {Villaescusa-Navarro}, F. and
	{Viel}, M.},
    title = "{Cosmology with massive neutrinos II: on the universality of the halo mass function and bias}",
  journal = {\jcap},
archivePrefix = "arXiv",
   eprint = {1311.1212},
 primaryClass = "astro-ph.CO",
     year = 2014,
    month = feb,
   volume = 2,
      eid = {049},
    pages = {049},
      doi = {10.1088/1475-7516/2014/02/049},
   adsurl = {http://adsabs.harvard.edu/abs/2014JCAP...02..049C},
  adsnote = {Provided by the SAO/NASA Astrophysics Data System}
}


@ARTICLE{Costanzi_2013,
   author = {{Costanzi}, M. and {Villaescusa-Navarro}, F. and {Viel}, M. and
	{Xia}, J.-Q. and {Borgani}, S. and {Castorina}, E. and {Sefusatti}, E.
	},
    title = "{Cosmology with massive neutrinos III: the halo mass function and an application to galaxy clusters}",
  journal = {\jcap},
archivePrefix = "arXiv",
   eprint = {1311.1514},
 primaryClass = "astro-ph.CO",
     year = 2013,
    month = dec,
   volume = 12,
      eid = {012},
    pages = {012},
      doi = {10.1088/1475-7516/2013/12/012},
   adsurl = {http://adsabs.harvard.edu/abs/2013JCAP...12..012C},
  adsnote = {Provided by the SAO/NASA Astrophysics Data System}
}


@ARTICLE{Furhrer_2015,
   author = {{F{\"u}hrer}, F. and {Wong}, Y.~Y.~Y.},
    title = "{Higher-order massive neutrino perturbations in large-scale structure}",
  journal = {\jcap},
archivePrefix = "arXiv",
   eprint = {1412.2764},
     year = 2015,
    month = mar,
   volume = 3,
      eid = {046},
    pages = {046},
      doi = {10.1088/1475-7516/2015/03/046},
   adsurl = {http://adsabs.harvard.edu/abs/2015JCAP...03..046F},
  adsnote = {Provided by the SAO/NASA Astrophysics Data System}
}


@ARTICLE{Heitmann:2010,
   author = {{Heitmann}, K. and {White}, M. and {Wagner}, C. and {Habib}, S. and
	{Higdon}, D.},
    title = "{The Coyote Universe. I. Precision Determination of the Nonlinear Matter Power Spectrum}",
  journal = {\apj},
archivePrefix = "arXiv",
   eprint = {0812.1052},
 keywords = {large-scale structure of universe, methods: numerical},
     year = 2010,
    month = may,
   volume = 715,
    pages = {104-121},
      doi = {10.1088/0004-637X/715/1/104},
   adsurl = {http://adsabs.harvard.edu/abs/2010ApJ...715..104H},
  adsnote = {Provided by the SAO/NASA Astrophysics Data System}
}


@ARTICLE{Lawrence_2017,
   author = {{Lawrence}, E. and {Heitmann}, K. and {Kwan}, J. and {Upadhye}, A. and
	{Bingham}, D. and {Habib}, S. and {Higdon}, D. and {Pope}, A. and
	{Finkel}, H. and {Frontiere}, N.},
    title = "{The Mira-Titan Universe. II. Matter Power Spectrum Emulation}",
  journal = {\apj},
archivePrefix = "arXiv",
   eprint = {1705.03388},
 keywords = {dark energy, large-scale structure of universe },
     year = 2017,
    month = sep,
   volume = 847,
      eid = {50},
    pages = {50},
      doi = {10.3847/1538-4357/aa86a9},
   adsurl = {http://adsabs.harvard.edu/abs/2017ApJ...847...50L},
  adsnote = {Provided by the SAO/NASA Astrophysics Data System}
}


@ARTICLE{Castorina_2015,
   author = {{Castorina}, E. and {Carbone}, C. and {Bel}, J. and {Sefusatti}, E. and
	{Dolag}, K.},
    title = "{DEMNUni: the clustering of large-scale structures in the presence of massive neutrinos}",
  journal = {\jcap},
archivePrefix = "arXiv",
   eprint = {1505.07148},
     year = 2015,
    month = jul,
   volume = 7,
      eid = {043},
    pages = {043},
      doi = {10.1088/1475-7516/2015/07/043},
   adsurl = {http://adsabs.harvard.edu/abs/2015JCAP...07..043C},
  adsnote = {Provided by the SAO/NASA Astrophysics Data System}
}


@ARTICLE{Carbone_2016,
   author = {{Carbone}, C. and {Petkova}, M. and {Dolag}, K.},
    title = "{DEMNUni: ISW, Rees-Sciama, and weak-lensing in the presence of massive neutrinos}",
  journal = {\jcap},
archivePrefix = "arXiv",
   eprint = {1605.02024},
     year = 2016,
    month = jul,
   volume = 7,
      eid = {034},
    pages = {034},
      doi = {10.1088/1475-7516/2016/07/034},
   adsurl = {http://adsabs.harvard.edu/abs/2016JCAP...07..034C},
  adsnote = {Provided by the SAO/NASA Astrophysics Data System}
}


@ARTICLE{Calabrese_2017,
   author = {{Calabrese}, E. and {Hlo{\v z}ek}, R.~A. and {Bond}, J.~R. and
	{Devlin}, M.~J. and {Dunkley}, J. and {Halpern}, M. and {Hincks}, A.~D. and
	{Irwin}, K.~D. and {Kosowsky}, A. and {Moodley}, K. and {Newburgh}, L.~B. and
	{Niemack}, M.~D. and {Page}, L.~A. and {Sherwin}, B.~D. and
	{Sievers}, J.~L. and {Spergel}, D.~N. and {Staggs}, S.~T. and
	{Wollack}, E.~J.},
    title = "{Cosmological parameters from pre-Planck CMB measurements: A 2017 update}",
  journal = {\prd},
archivePrefix = "arXiv",
   eprint = {1702.03272},
     year = 2017,
    month = mar,
   volume = 95,
   number = 6,
      eid = {063525},
    pages = {063525},
      doi = {10.1103/PhysRevD.95.063525},
   adsurl = {http://adsabs.harvard.edu/abs/2017PhRvD..95f3525C},
  adsnote = {Provided by the SAO/NASA Astrophysics Data System}
}


@ARTICLE{Lesgourgues_2014,
   author = {{Lesgourgues}, J. and {Pastor}, S.},
    title = "{Neutrino cosmology and Planck}",
  journal = {New Journal of Physics},
archivePrefix = "arXiv",
   eprint = {1404.1740},
 primaryClass = "hep-ph",
     year = 2014,
    month = jun,
   volume = 16,
   number = 6,
      eid = {065002},
    pages = {065002},
      doi = {10.1088/1367-2630/16/6/065002},
   adsurl = {http://adsabs.harvard.edu/abs/2014NJPh...16f5002L},
  adsnote = {Provided by the SAO/NASA Astrophysics Data System}
}


@ARTICLE{Wong_2011,
   author = {{Wong}, Y.~Y.~Y.},
    title = "{Neutrino Mass in Cosmology: Status and Prospects}",
  journal = {Annual Review of Nuclear and Particle Science},
archivePrefix = "arXiv",
   eprint = {1111.1436},
     year = 2011,
    month = nov,
   volume = 61,
    pages = {69-98},
      doi = {10.1146/annurev-nucl-102010-130252},
   adsurl = {http://adsabs.harvard.edu/abs/2011ARNPS..61...69W},
  adsnote = {Provided by the SAO/NASA Astrophysics Data System}
}

@ARTICLE{Becker-Szendy_1992,
   author = {{Becker-Szendy}, R. and {Bratton}, C.~B. and {Casper}, D. and
	{Dye}, S.~T. and {Gajewski}, W. and {Goldhaber}, M. and {Haines}, T.~J. and
	{Halverson}, P.~G. and {Kielczewska}, D. and {Kropp}, W.~R. and
	{Learned}, J.~G. and {Losecco}, J.~M. and {Matsuno}, S. and
	{McGrath}, G. and {McGrew}, C. and {Miller}, R. and {Price}, L.~R. and
	{Reines}, F. and {Schultz}, J. and {Sobel}, H.~W. and {Stone}, J.~L. and
	{Sulak}, L.~R. and {Svoboda}, R.},
    title = "{Electron- and muon-neutrino content of the atmospheric flux}",
  journal = {\prd},
     year = 1992,
    month = nov,
   volume = 46,
    pages = {3720-3724},
      doi = {10.1103/PhysRevD.46.3720},
   adsurl = {http://adsabs.harvard.edu/abs/1992PhRvD..46.3720B},
  adsnote = {Provided by the SAO/NASA Astrophysics Data System}
}

@ARTICLE{Fukuda_1998,
   author = {{Fukuda}, Y. and {Hayakawa}, T. and {Ichihara}, E. and {Inoue}, K. and
	{Ishihara}, K. and {Ishino}, H. and {Itow}, Y. and {Kajita}, T. and
	{Kameda}, J. and {Kasuga}, S. and {Kobayashi}, K. and {Kobayashi}, Y. and
	{Koshio}, Y. and {Martens}, K. and {Miura}, M. and {Nakahata}, M. and
	{Nakayama}, S. and {Okada}, A. and {Oketa}, M. and {Okumura}, K. and
	{Ota}, M. and {Sakurai}, N. and {Shiozawa}, M. and {Suzuki}, Y. and
	{Takeuchi}, Y. and {Totsuka}, Y. and {Yamada}, S. and {Earl}, M. and
	{Habig}, A. and {Hong}, J.~T. and {Kearns}, E. and {Kim}, S.~B. and
	{Masuzawa}, M. and {Messier}, M.~D. and {Scholberg}, K. and
	{Stone}, J.~L. and {Sulak}, L.~R. and {Walter}, C.~W. and {Goldhaber}, M. and
	{Barszczak}, T. and {Gajewski}, W. and {Halverson}, P.~G. and
	{Hsu}, J. and {Kropp}, W.~R. and {Price}, L.~R. and {Reines}, F. and
	{Sobel}, H.~W. and {Vagins}, M.~R. and {Ganezer}, K.~S. and
	{Keig}, W.~E. and {Ellsworth}, R.~W. and {Tasaka}, S. and {Flanagan}, J.~W. and
	{Kibayashi}, A. and {Learned}, J.~G. and {Matsuno}, S. and {Stenger}, V. and
	{Takemori}, D. and {Ishii}, T. and {Kanzaki}, J. and {Kobayashi}, T. and
	{Nakamura}, K. and {Nishikawa}, K. and {Oyama}, Y. and {Sakai}, A. and
	{Sakuda}, M. and {Sasaki}, O. and {Echigo}, S. and {Kohama}, M. and
	{Suzuki}, A.~T. and {Haines}, T.~J. and {Blaufuss}, E. and {Sanford}, R. and
	{Svoboda}, R. and {Chen}, M.~L. and {Conner}, Z. and {Goodman}, J.~A. and
	{Sullivan}, G.~W. and {Mori}, M. and {Hill}, J. and {Jung}, C.~K. and
	{Mauger}, C. and {McGrew}, C. and {Sharkey}, E. and {Viren}, B. and
	{Yanagisawa}, C. and {Doki}, W. and {Ishizuka}, T. and {Kitaguchi}, Y. and
	{Koga}, H. and {Miyano}, K. and {Okazawa}, H. and {Saji}, C. and
	{Takahata}, M. and {Kusano}, A. and {Nagashima}, Y. and {Takita}, M. and
	{Yamaguchi}, T. and {Yoshida}, M. and {Etoh}, M. and {Fujita}, K. and
	{Hasegawa}, A. and {Hasegawa}, T. and {Hatakeyama}, S. and {Iwamoto}, T. and
	{Kinebuchi}, T. and {Koga}, M. and {Maruyama}, T. and {Ogawa}, H. and
	{Suzuki}, A. and {Tsushima}, F. and {Koshiba}, M. and {Nemoto}, M. and
	{Nishijima}, K. and {Futagami}, T. and {Hayato}, Y. and {Kanaya}, Y. and
	{Kaneyuki}, K. and {Watanabe}, Y. and {Kielczewska}, D. and
	{Doyle}, R. and {George}, J. and {Stachyra}, A. and {Wai}, L. and
	{Wilkes}, J. and {Young}, K.},
    title = "{Measurements of the Solar Neutrino Flux from Super-Kamiokande's First 300 Days}",
  journal = {Physical Review Letters},
   eprint = {hep-ex/9805021},
     year = 1998,
    month = aug,
   volume = 81,
    pages = {1158-1162},
      doi = {10.1103/PhysRevLett.81.1158},
   adsurl = {http://adsabs.harvard.edu/abs/1998PhRvL..81.1158F},
  adsnote = {Provided by the SAO/NASA Astrophysics Data System}
}


@ARTICLE{Wolf_2010,
   author = {{Wolf}, J. and others},
   collaboration = {Katrin Collaboration},
    title = "{The KATRIN neutrino mass experiment}",
  journal = {Nuclear Instruments and Methods in Physics Research A},
archivePrefix = "arXiv",
   eprint = {0810.3281},
 primaryClass = "physics.ins-det",
 keywords = {Neutrino mass, Electro-static spectrometer, Tritium},
     year = 2010,
    month = nov,
   volume = 623,
    pages = {442-444},
      doi = {10.1016/j.nima.2010.03.030},
   adsurl = {http://adsabs.harvard.edu/abs/2010NIMPA.623..442W},
  adsnote = {Provided by the SAO/NASA Astrophysics Data System}
}

@ARTICLE{Palanque_2015,
   author = {{Palanque-Delabrouille}, N. and {Y{\`e}che}, C. and {Lesgourgues}, J. and
	{Rossi}, G. and {Borde}, A. and {Viel}, M. and {Aubourg}, E. and
	{Kirkby}, D. and {LeGoff}, J.-M. and {Rich}, J. and {Roe}, N. and
	{Ross}, N.~P. and {Schneider}, D.~P. and {Weinberg}, D.},
    title = "{Constraint on neutrino masses from SDSS-III/BOSS Ly{$\alpha$} forest and other cosmological probes}",
  journal = {\jcap},
archivePrefix = "arXiv",
   eprint = {1410.7244},
     year = 2015,
    month = feb,
   volume = 2,
      eid = {045},
    pages = {045},
      doi = {10.1088/1475-7516/2015/02/045},
   adsurl = {http://adsabs.harvard.edu/abs/2015JCAP...02..045P},
  adsnote = {Provided by the SAO/NASA Astrophysics Data System}
}


@ARTICLE{Abazajian_2015,
   author = {{Abazajian}, K.~N. and {Arnold}, K. and {Austermann}, J. and
	{Benson}, B.~A. and {Bischoff}, C. and {Bock}, J. and {Bond}, J.~R. and
	{Borrill}, J. and {Calabrese}, E. and {Carlstrom}, J.~E. and
	{Carvalho}, C.~S. and {Chang}, C.~L. and {Chiang}, H.~C. and
	{Church}, S. and {Cooray}, A. and {Crawford}, T.~M. and {Dawson}, K.~S. and
	{Das}, S. and {Devlin}, M.~J. and {Dobbs}, M. and {Dodelson}, S. and
	{Dor{\'e}}, O. and {Dunkley}, J. and {Errard}, J. and {Fraisse}, A. and
	{Gallicchio}, J. and {Halverson}, N.~W. and {Hanany}, S. and
	{Hildebrandt}, S.~R. and {Hincks}, A. and {Hlozek}, R. and {Holder}, G. and
	{Holzapfel}, W.~L. and {Honscheid}, K. and {Hu}, W. and {Hubmayr}, J. and
	{Irwin}, K. and {Jones}, W.~C. and {Kamionkowski}, M. and {Keating}, B. and
	{Keisler}, R. and {Knox}, L. and {Komatsu}, E. and {Kovac}, J. and
	{Kuo}, C.-L. and {Lawrence}, C. and {Lee}, A.~T. and {Leitch}, E. and
	{Linder}, E. and {Lubin}, P. and {McMahon}, J. and {Miller}, A. and
	{Newburgh}, L. and {Niemack}, M.~D. and {Nguyen}, H. and {Nguyen}, H.~T. and
	{Page}, L. and {Pryke}, C. and {Reichardt}, C.~L. and {Ruhl}, J.~E. and
	{Sehgal}, N. and {Seljak}, U. and {Sievers}, J. and {Silverstein}, E. and
	{Slosar}, A. and {Smith}, K.~M. and {Spergel}, D. and {Staggs}, S.~T. and
	{Stark}, A. and {Stompor}, R. and {Vieregg}, A.~G. and {Wang}, G. and
	{Watson}, S. and {Wollack}, E.~J. and {Wu}, W.~L.~K. and {Yoon}, K.~W. and
	{Zahn}, O.},
    title = "{Neutrino physics from the cosmic microwave background and large scale structure}",
  journal = {Astroparticle Physics},
archivePrefix = "arXiv",
   eprint = {1309.5383},
 keywords = {Neutrinos, Cosmology, Cosmic microwave background, Large scale structure},
     year = 2015,
    month = mar,
   volume = 63,
    pages = {66-80},
      doi = {10.1016/j.astropartphys.2014.05.014},
   adsurl = {http://adsabs.harvard.edu/abs/2015APh....63...66A},
  adsnote = {Provided by the SAO/NASA Astrophysics Data System}
}


@ARTICLE{Troxel_2017,
   author = {{Troxel}, M.~A. and {MacCrann}, N. and {Zuntz}, J. and {Eifler}, T.~F. and
	{Krause}, E. and {Dodelson}, S. and {Gruen}, D. and {Blazek}, J. and
	{Friedrich}, O. and {Samuroff}, S. and {Prat}, J. and {Secco}, L.~F. and
	{Davis}, C. and {Fert{\'e}}, A. and {DeRose}, J. and {Alarcon}, A. and
	{Amara}, A. and {Baxter}, E. and {Becker}, M.~R. and {Bernstein}, G.~M. and
	{Bridle}, S.~L. and {Cawthon}, R. and {Chang}, C. and {Choi}, A. and
	{De Vicente}, J. and {Drlica-Wagner}, A. and {Elvin-Poole}, J. and
	{Frieman}, J. and {Gatti}, M. and {Hartley}, W.~G. and {Honscheid}, K. and
	{Hoyle}, B. and {Huff}, E.~M. and {Huterer}, D. and {Jain}, B. and
	{Jarvis}, M. and {Kacprzak}, T. and {Kirk}, D. and {Kokron}, N. and
	{Krawiec}, C. and {Lahav}, O. and {Liddle}, A.~R. and {Peacock}, J. and
	{Rau}, M.~M. and {Refregier}, A. and {Rollins}, R.~P. and {Rozo}, E. and
	{Rykoff}, E.~S. and {S{\'a}nchez}, C. and {Sevilla-Noarbe}, I. and
	{Sheldon}, E. and {Stebbins}, A. and {Varga}, T.~N. and {Vielzeuf}, P. and
	{Wang}, M. and {Wechsler}, R.~H. and {Yanny}, B. and {Abbott}, T.~M.~C. and
	{Abdalla}, F.~B. and {Allam}, S. and {Annis}, J. and {Bechtol}, K. and
	{Benoit-L{\'e}vy}, A. and {Bertin}, E. and {Brooks}, D. and
	{Buckley-Geer}, E. and {Burke}, D.~L. and {Carnero Rosell}, A. and
	{Carrasco Kind}, M. and {Carretero}, J. and {Castander}, F.~J. and
	{Crocce}, M. and {Cunha}, C.~E. and {D'Andrea}, C.~B. and {da Costa}, L.~N. and
	{DePoy}, D.~L. and {Desai}, S. and {Diehl}, H.~T. and {Dietrich}, J.~P. and
	{Doel}, P. and {Fernandez}, E. and {Flaugher}, B. and {Fosalba}, P. and
	{Garc{\'{\i}}a-Bellido}, J. and {Gaztanaga}, E. and {Gerdes}, D.~W. and
	{Giannantonio}, T. and {Goldstein}, D.~A. and {Gruendl}, R.~A. and
	{Gschwend}, J. and {Gutierrez}, G. and {James}, D.~J. and {Jeltema}, T. and
	{Johnson}, M.~W.~G. and {Johnson}, M.~D. and {Kent}, S. and
	{Kuehn}, K. and {Kuhlmann}, S. and {Kuropatkin}, N. and {Li}, T.~S. and
	{Lima}, M. and {Lin}, H. and {Maia}, M.~A.~G. and {March}, M. and
	{Marshall}, J.~L. and {Martini}, P. and {Melchior}, P. and {Menanteau}, F. and
	{Miquel}, R. and {Mohr}, J.~J. and {Neilsen}, E. and {Nichol}, R.~C. and
	{Nord}, B. and {Petravick}, D. and {Plazas}, A.~A. and {Romer}, A.~K. and
	{Roodman}, A. and {Sako}, M. and {Sanchez}, E. and {Scarpine}, V. and
	{Schindler}, R. and {Schubnell}, M. and {Smith}, M. and {Smith}, R.~C. and
	{Soares-Santos}, M. and {Sobreira}, F. and {Suchyta}, E. and
	{Swanson}, M.~E.~C. and {Tarle}, G. and {Thomas}, D. and {Tucker}, D.~L. and
	{Vikram}, V. and {Walker}, A.~R. and {Weller}, J. and {Zhang}, Y.
	},
    title = "{Dark Energy Survey Year 1 Results: Cosmological Constraints from Cosmic Shear}",
  journal = {ArXiv e-prints},
archivePrefix = "arXiv",
   eprint = {1708.01538},
 keywords = {Astrophysics - Cosmology and Nongalactic Astrophysics},
     year = 2017,
    month = aug,
   adsurl = {http://adsabs.harvard.edu/abs/2017arXiv170801538T},
  adsnote = {Provided by the SAO/NASA Astrophysics Data System}
}


@ARTICLE{HSC_2017,
   author = {{Aihara}, H. and {Armstrong}, R. and {Bickerton}, S. and {Bosch}, J. and
	{Coupon}, J. and {Furusawa}, H. and {Hayashi}, Y. and {Ikeda}, H. and
	{Kamata}, Y. and {Karoji}, H. and {Kawanomoto}, S. and {Koike}, M. and
	{Komiyama}, Y. and {Lupton}, R.~H. and {Mineo}, S. and {Miyatake}, H. and
	{Miyazaki}, S. and {Morokuma}, T. and {Obuchi}, Y. and {Oishi}, Y. and
	{Okura}, Y. and {Price}, P.~A. and {Takata}, T. and {Tanaka}, M.~M. and
	{Tanaka}, M. and {Tanaka}, Y. and {Uchida}, T. and {Uraguchi}, F. and
	{Utsumi}, Y. and {Wang}, S.-Y. and {Yamada}, Y. and {Yamanoi}, H. and
	{Yasuda}, N. and {Arimoto}, N. and {Chiba}, M. and {Finet}, F. and
	{Fujimori}, H. and {Fujimoto}, S. and {Furusawa}, J. and {Goto}, T. and
	{Goulding}, A. and {Gunn}, J.~E. and {Harikane}, Y. and {Hattori}, T. and
	{Hayashi}, M. and {Helminiak}, K.~G. and {Higuchi}, R. and {Hikage}, C. and
	{Ho}, P.~T.~P. and {Hsieh}, B.-C. and {Huang}, K. and {Huang}, S. and
	{Imanishi}, M. and {Iwata}, I. and {Jaelani}, A.~T. and {Jian}, H.-Y. and
	{Kashikawa}, N. and {Katayama}, N. and {Kojima}, T. and {Konno}, A. and
	{Koshida}, S. and {Kusakabe}, H. and {Leauthaud}, A. and {Lee}, C.-H. and
	{Lin}, L. and {Lin}, Y.-T. and {Mandelbaum}, R. and {Matsuoka}, Y. and
	{Medezinski}, E. and {Miyama}, S. and {Momose}, R. and {More}, A. and
	{More}, S. and {Mukae}, S. and {Murata}, R. and {Murayama}, H. and
	{Nagao}, T. and {Nakata}, F. and {Niikura}, H. and {Nishizawa}, A.~J. and
	{Oguri}, M. and {Okabe}, N. and {Ono}, Y. and {Onodera}, M. and
	{Onoue}, M. and {Ouchi}, M. and {Pyo}, T.-S. and {Shibuya}, T. and
	{Shimasaku}, K. and {Simet}, M. and {Speagle}, J. and {Spergel}, D.~N. and
	{Strauss}, M.~A. and {Sugahara}, Y. and {Sugiyama}, N. and {Suto}, Y. and
	{Suzuki}, N. and {Tait}, P.~J. and {Takada}, M. and {Terai}, T. and
	{Toba}, Y. and {Turner}, E.~L. and {Uchiyama}, H. and {Umetsu}, K. and
	{Urata}, Y. and {Usuda}, T. and {Yeh}, S. and {Yuma}, S.},
    title = "{First Data Release of the Hyper Suprime-Cam Subaru Strategic Program}",
  journal = {ArXiv e-prints},
archivePrefix = "arXiv",
   eprint = {1702.08449},
 primaryClass = "astro-ph.IM",
 keywords = {Astrophysics - Instrumentation and Methods for Astrophysics, Astrophysics - Earth and Planetary Astrophysics, Astrophysics - Astrophysics of Galaxies, Astrophysics - High Energy Astrophysical Phenomena, Astrophysics - Solar and Stellar Astrophysics},
     year = 2017,
    month = feb,
   adsurl = {http://adsabs.harvard.edu/abs/2017arXiv170208449A},
  adsnote = {Provided by the SAO/NASA Astrophysics Data System}
}


@ARTICLE{Hildebrandt_2017,
   author = {{Hildebrandt}, H. and {Viola}, M. and {Heymans}, C. and {Joudaki}, S. and
	{Kuijken}, K. and {Blake}, C. and {Erben}, T. and {Joachimi}, B. and
	{Klaes}, D. and {Miller}, L. and {Morrison}, C.~B. and {Nakajima}, R. and
	{Verdoes Kleijn}, G. and {Amon}, A. and {Choi}, A. and {Covone}, G. and
	{de Jong}, J.~T.~A. and {Dvornik}, A. and {Fenech Conti}, I. and
	{Grado}, A. and {Harnois-D{\'e}raps}, J. and {Herbonnet}, R. and
	{Hoekstra}, H. and {K{\"o}hlinger}, F. and {McFarland}, J. and
	{Mead}, A. and {Merten}, J. and {Napolitano}, N. and {Peacock}, J.~A. and
	{Radovich}, M. and {Schneider}, P. and {Simon}, P. and {Valentijn}, E.~A. and
	{van den Busch}, J.~L. and {van Uitert}, E. and {Van Waerbeke}, L.
	},
    title = "{KiDS-450: cosmological parameter constraints from tomographic weak gravitational lensing}",
  journal = {\mnras},
archivePrefix = "arXiv",
   eprint = {1606.05338},
 keywords = {gravitational lensing: weak, surveys, galaxies: photometry, cosmology: observations},
     year = 2017,
    month = feb,
   volume = 465,
    pages = {1454-1498},
      doi = {10.1093/mnras/stw2805},
   adsurl = {http://adsabs.harvard.edu/abs/2017MNRAS.465.1454H},
  adsnote = {Provided by the SAO/NASA Astrophysics Data System}
}


@ARTICLE{Joudaki_2012,
   author = {{Joudaki}, S. and {Kaplinghat}, M.},
    title = "{Dark energy and neutrino masses from future measurements of the expansion history and growth of structure}",
  journal = {\prd},
archivePrefix = "arXiv",
   eprint = {1106.0299},
 primaryClass = "astro-ph.CO",
 keywords = {Cosmology},
     year = 2012,
    month = jul,
   volume = 86,
   number = 2,
      eid = {023526},
    pages = {023526},
      doi = {10.1103/PhysRevD.86.023526},
   adsurl = {http://adsabs.harvard.edu/abs/2012PhRvD..86b3526J},
  adsnote = {Provided by the SAO/NASA Astrophysics Data System}
}


@article{LSST,
  title={LSST: from science drivers to reference design and anticipated data products},
  author={Ivezi\'c, \v{Z}. and Tyson, J.~A. and Acosta, E. and Allsman, R. and Anderson, S.~F. and Andrew, J. and Angel, J.~R.~P. and Axelrod, T.~S. and Barr, J.~D. and Becker, A.~C. and others},
  journal = "ArXiv e-prints",
  archivePrefix = "arXiv",
  eprint = {0805.2366v4},
  year={2008}
}


@ARTICLE{Ross_2015,
   author = {{Ross}, A.~J. and {Samushia}, L. and {Howlett}, C. and {Percival}, W.~J. and
	{Burden}, A. and {Manera}, M.},
    title = "{The clustering of the SDSS DR7 main Galaxy sample - I. A 4 per cent distance measure at z = 0.15}",
  journal = {\mnras},
archivePrefix = "arXiv",
   eprint = {1409.3242},
 keywords = {cosmology: observations, distance scale},
     year = 2015,
    month = may,
   volume = 449,
    pages = {835-847},
      doi = {10.1093/mnras/stv154},
   adsurl = {http://adsabs.harvard.edu/abs/2015MNRAS.449..835R},
  adsnote = {Provided by the SAO/NASA Astrophysics Data System}
}

@Article{	  planck2015xiii,
  author	= {{Ade}, P.~A.~R. and {Aghanim},
		  N. and {Arnaud}, M. and {Ashdown}, M. and {Aumont}, J. and
		  {Baccigalupi}, C. and {Banday}, A.~J. and {Barreiro}, R.~B.
		  and {Bartlett}, J.~G. and et al.},
  collaboration = {Planck collaboration},
  title		= "{Planck 2015 results. XIII. Cosmological parameters}",
  journal	= {ArXiv e-prints},
  archiveprefix	= "arXiv",
  eprint	= {1502.01589},
  keywords	= {Astrophysics - Cosmology and Nongalactic Astrophysics},
  year		= 2015,
  month		= feb,
  adsurl	= {http://adsabs.harvard.edu/abs/2015arXiv150201589P},
  adsnote	= {Provided by the SAO/NASA Astrophysics Data System}
}


@Article{	  planck2013xvi,
  author	= {{Ade}, P.~A.~R. and {Aghanim},
		  N. and {Armitage-Caplan}, C. and {Arnaud}, M. and
		  {Ashdown}, M. and {Atrio-Barandela}, F. and {Aumont}, J.
		  and {Baccigalupi}, C. and {Banday}, A.~J. and et al.},
 collaboration = {Planck collaboration},
  title		= "{Planck 2013 results. XVI. Cosmological parameters}",
  journal	= {\aap},
  archiveprefix	= "arXiv",
  eprint	= {1303.5076},
  primaryclass	= "astro-ph.CO",
  keywords	= {cosmic background radiation, cosmological parameters,
		  early Universe, inflation, primordial nucleosynthesis},
  year		= 2014,
  month		= nov,
  volume	= 571,
  eid		= {A16},
  pages		= {A16},
  doi		= {10.1051/0004-6361/201321591},
  adsurl	= {http://adsabs.harvard.edu/abs/2014A%26A...571A..16P},
  adsnote	= {Provided by the SAO/NASA Astrophysics Data System}
}

@ARTICLE{DESI,
   author = {{Aghamousa}, A. and {Aguilar}, J. and
	{Ahlen}, S. and {Alam}, S. and {Allen}, L.~E. and {Allende Prieto}, C. and
	{Annis}, J. and {Bailey}, S. and {Balland}, C. and et al.},
	collaboration = {DESI collaboration},
    title = "{The DESI Experiment Part I: Science,Targeting, and Survey Design}",
  journal = {ArXiv e-prints},
archivePrefix = "arXiv",
   eprint = {1611.00036},
 primaryClass = "astro-ph.IM",
 keywords = {Astrophysics - Instrumentation and Methods for Astrophysics, Astrophysics - Cosmology and Nongalactic Astrophysics},
     year = 2016,
    month = oct,
   adsurl = {http://adsabs.harvard.edu/abs/2016arXiv161100036D},
  adsnote = {Provided by the SAO/NASA Astrophysics Data System}
}

@ARTICLE{Beutler_2011,
   author = {{Beutler}, F. and {Blake}, C. and {Colless}, M. and {Jones}, D.~H. and
	{Staveley-Smith}, L. and {Campbell}, L. and {Parker}, Q. and
	{Saunders}, W. and {Watson}, F.},
    title = "{The 6dF Galaxy Survey: baryon acoustic oscillations and the local Hubble constant}",
  journal = {\mnras},
archivePrefix = "arXiv",
   eprint = {1106.3366},
 keywords = {surveys, cosmology: observations, dark energy, distance scale, large-scale structure of Universe},
     year = 2011,
    month = oct,
   volume = 416,
    pages = {3017-3032},
      doi = {10.1111/j.1365-2966.2011.19250.x},
   adsurl = {http://adsabs.harvard.edu/abs/2011MNRAS.416.3017B},
  adsnote = {Provided by the SAO/NASA Astrophysics Data System}
}

@ARTICLE{Betoule_2014,
   author = {{Betoule}, M. and {Kessler}, R. and {Guy}, J. and {Mosher}, J. and
	{Hardin}, D. and {Biswas}, R. and {Astier}, P. and {El-Hage}, P. and
	{Konig}, M. and {Kuhlmann}, S. and {Marriner}, J. and {Pain}, R. and
	{Regnault}, N. and {Balland}, C. and {Bassett}, B.~A. and {Brown}, P.~J. and
	{Campbell}, H. and {Carlberg}, R.~G. and {Cellier-Holzem}, F. and
	{Cinabro}, D. and {Conley}, A. and {D'Andrea}, C.~B. and {DePoy}, D.~L. and
	{Doi}, M. and {Ellis}, R.~S. and {Fabbro}, S. and {Filippenko}, A.~V. and
	{Foley}, R.~J. and {Frieman}, J.~A. and {Fouchez}, D. and {Galbany}, L. and
	{Goobar}, A. and {Gupta}, R.~R. and {Hill}, G.~J. and {Hlozek}, R. and
	{Hogan}, C.~J. and {Hook}, I.~M. and {Howell}, D.~A. and {Jha}, S.~W. and
	{Le Guillou}, L. and {Leloudas}, G. and {Lidman}, C. and {Marshall}, J.~L. and
	{M{\"o}ller}, A. and {Mour{\~a}o}, A.~M. and {Neveu}, J. and
	{Nichol}, R. and {Olmstead}, M.~D. and {Palanque-Delabrouille}, N. and
	{Perlmutter}, S. and {Prieto}, J.~L. and {Pritchet}, C.~J. and
	{Richmond}, M. and {Riess}, A.~G. and {Ruhlmann-Kleider}, V. and
	{Sako}, M. and {Schahmaneche}, K. and {Schneider}, D.~P. and
	{Smith}, M. and {Sollerman}, J. and {Sullivan}, M. and {Walton}, N.~A. and
	{Wheeler}, C.~J.},
    title = "{Improved cosmological constraints from a joint analysis of the SDSS-II and SNLS supernova samples}",
  journal = {\aap},
archivePrefix = "arXiv",
   eprint = {1401.4064},
 keywords = {cosmology: observations, distance scale, dark energy},
     year = 2014,
    month = aug,
   volume = 568,
      eid = {A22},
    pages = {A22},
      doi = {10.1051/0004-6361/201423413},
   adsurl = {http://adsabs.harvard.edu/abs/2014A%26A...568A..22B},
  adsnote = {Provided by the SAO/NASA Astrophysics Data System}
}

@ARTICLE{Anderson_2014,
   author = {{Anderson}, L. and {Aubourg}, {\'E}. and {Bailey}, S. and {Beutler}, F. and
	{Bhardwaj}, V. and {Blanton}, M. and {Bolton}, A.~S. and {Brinkmann}, J. and
	{Brownstein}, J.~R. and {Burden}, A. and {Chuang}, C.-H. and
	{Cuesta}, A.~J. and {Dawson}, K.~S. and {Eisenstein}, D.~J. and
	{Escoffier}, S. and {Gunn}, J.~E. and {Guo}, H. and {Ho}, S. and
	{Honscheid}, K. and {Howlett}, C. and {Kirkby}, D. and {Lupton}, R.~H. and
	{Manera}, M. and {Maraston}, C. and {McBride}, C.~K. and {Mena}, O. and
	{Montesano}, F. and {Nichol}, R.~C. and {Nuza}, S.~E. and {Olmstead}, M.~D. and
	{Padmanabhan}, N. and {Palanque-Delabrouille}, N. and {Parejko}, J. and
	{Percival}, W.~J. and {Petitjean}, P. and {Prada}, F. and {Price-Whelan}, A.~M. and
	{Reid}, B. and {Roe}, N.~A. and {Ross}, A.~J. and {Ross}, N.~P. and
	{Sabiu}, C.~G. and {Saito}, S. and {Samushia}, L. and {S{\'a}nchez}, A.~G. and
	{Schlegel}, D.~J. and {Schneider}, D.~P. and {Scoccola}, C.~G. and
	{Seo}, H.-J. and {Skibba}, R.~A. and {Strauss}, M.~A. and {Swanson}, M.~E.~C. and
	{Thomas}, D. and {Tinker}, J.~L. and {Tojeiro}, R. and {Maga{\~n}a}, M.~V. and
	{Verde}, L. and {Wake}, D.~A. and {Weaver}, B.~A. and {Weinberg}, D.~H. and
	{White}, M. and {Xu}, X. and {Y{\`e}che}, C. and {Zehavi}, I. and
	{Zhao}, G.-B.},
    title = "{The clustering of galaxies in the SDSS-III Baryon Oscillation Spectroscopic Survey: baryon acoustic oscillations in the Data Releases 10 and 11 Galaxy samples}",
  journal = {\mnras},
archivePrefix = "arXiv",
   eprint = {1312.4877},
 keywords = {cosmological parameters, cosmology: observations, dark energy, distance scale, large-scale structure of Universe},
     year = 2014,
    month = jun,
   volume = 441,
    pages = {24-62},
      doi = {10.1093/mnras/stu523},
   adsurl = {http://adsabs.harvard.edu/abs/2014MNRAS.441...24A},
  adsnote = {Provided by the SAO/NASA Astrophysics Data System}
}


@ARTICLE{DES_2017,
   author = {{Abbott}, T.~M.~C. and {Abdalla}, F.~B. and
	{Alarcon}, A. and {Aleksi{\'c}}, J. and {Allam}, S. and {Allen}, S. and
	{Amara}, A. and {Annis}, J. and {Asorey}, J. and {Avila}, S. and
	{Bacon}, D. and {Balbinot}, E. and {Banerji}, M. and {Banik}, N. and
	{Barkhouse}, W. and {Baumer}, M. and {Baxter}, E. and {Bechtol}, K. and
	{Becker}, M.~R. and {Benoit-L{\'e}vy}, A. and {Benson}, B.~A. and
	{Bernstein}, G.~M. and {Bertin}, E. and {Blazek}, J. and {Bridle}, S.~L. and
	{Brooks}, D. and {Brout}, D. and {Buckley-Geer}, E. and {Burke}, D.~L. and
	{Busha}, M.~T. and {Capozzi}, D. and {Carnero Rosell}, A. and
	{Carrasco Kind}, M. and {Carretero}, J. and {Castander}, F.~J. and
	{Cawthon}, R. and {Chang}, C. and {Chen}, N. and {Childress}, M. and
	{Choi}, A. and {Conselice}, C. and {Crittenden}, R. and {Crocce}, M. and
	{Cunha}, C.~E. and {D'Andrea}, C.~B. and {da Costa}, L.~N. and
	{Das}, R. and {Davis}, T.~M. and {Davis}, C. and {De Vicente}, J. and
	{DePoy}, D.~L. and {DeRose}, J. and {Desai}, S. and {Diehl}, H.~T. and
	{Dietrich}, J.~P. and {Dodelson}, S. and {Doel}, P. and {Drlica-Wagner}, A. and
	{Eifler}, T.~F. and {Elliott}, A.~E. and {Elsner}, F. and {Elvin-Poole}, J. and
	{Estrada}, J. and {Evrard}, A.~E. and {Fang}, Y. and {Fernandez}, E. and
	{Fert{\'e}}, A. and {Finley}, D.~A. and {Flaugher}, B. and {Fosalba}, P. and
	{Friedrich}, O. and {Frieman}, J. and {Garc{\'{\i}}a-Bellido}, J. and
	{Garcia-Fernandez}, M. and {Gatti}, M. and {Gaztanaga}, E. and
	{Gerdes}, D.~W. and {Giannantonio}, T. and {Gill}, M.~S.~S. and
	{Glazebrook}, K. and {Goldstein}, D.~A. and {Gruen}, D. and
	{Gruendl}, R.~A. and {Gschwend}, J. and {Gutierrez}, G. and
	{Hamilton}, S. and {Hartley}, W.~G. and {Hinton}, S.~R. and
	{Honscheid}, K. and {Hoyle}, B. and {Huterer}, D. and {Jain}, B. and
	{James}, D.~J. and {Jarvis}, M. and {Jeltema}, T. and {Johnson}, M.~D. and
	{Johnson}, M.~W.~G. and {Kacprzak}, T. and {Kent}, S. and {Kim}, A.~G. and
	{King}, A. and {Kirk}, D. and {Kokron}, N. and {Kovacs}, A. and
	{Krause}, E. and {Krawiec}, C. and {Kremin}, A. and {Kuehn}, K. and
	{Kuhlmann}, S. and {Kuropatkin}, N. and {Lacasa}, F. and {Lahav}, O. and
	{Li}, T.~S. and {Liddle}, A.~R. and {Lidman}, C. and {Lima}, M. and
	{Lin}, H. and {MacCrann}, N. and {Maia}, M.~A.~G. and {Makler}, M. and
	{Manera}, M. and {March}, M. and {Marshall}, J.~L. and {Martini}, P. and
	{McMahon}, R.~G. and {Melchior}, P. and {Menanteau}, F. and
	{Miquel}, R. and {Miranda}, V. and {Mudd}, D. and {Muir}, J. and
	{M{\"o}ller}, A. and {Neilsen}, E. and {Nichol}, R.~C. and {Nord}, B. and
	{Nugent}, P. and {Ogando}, R.~L.~C. and {Palmese}, A. and {Peacock}, J. and
	{Peiris}, H.~V. and {Peoples}, J. and {Percival}, W.~J. and
	{Petravick}, D. and {Plazas}, A.~A. and {Porredon}, A. and {Prat}, J. and
	{Pujol}, A. and {Rau}, M.~M. and {Refregier}, A. and {Ricker}, P.~M. and
	{Roe}, N. and {Rollins}, R.~P. and {Romer}, A.~K. and {Roodman}, A. and
	{Rosenfeld}, R. and {Ross}, A.~J. and {Rozo}, E. and {Rykoff}, E.~S. and
	{Sako}, M. and {Salvador}, A.~I. and {Samuroff}, S. and {S{\'a}nchez}, C. and
	{Sanchez}, E. and {Santiago}, B. and {Scarpine}, V. and {Schindler}, R. and
	{Scolnic}, D. and {Secco}, L.~F. and {Serrano}, S. and {Sevilla-Noarbe}, I. and
	{Sheldon}, E. and {Smith}, R.~C. and {Smith}, M. and {Smith}, J. and
	{Soares-Santos}, M. and {Sobreira}, F. and {Suchyta}, E. and
	{Tarle}, G. and {Thomas}, D. and {Troxel}, M.~A. and {Tucker}, D.~L. and
	{Tucker}, B.~E. and {Uddin}, S.~A. and {Varga}, T.~N. and {Vielzeuf}, P. and
	{Vikram}, V. and {Vivas}, A.~K. and {Walker}, A.~R. and {Wang}, M. and
	{Wechsler}, R.~H. and {Weller}, J. and {Wester}, W. and {Wolf}, R.~C. and
	{Yanny}, B. and {Yuan}, F. and {Zenteno}, A. and {Zhang}, B. and
	{Zhang}, Y. and {Zuntz}, J.},
	collaboration = {DES collaboration},
    title = "{Dark Energy Survey Year 1 Results: Cosmological Constraints from Galaxy Clustering and Weak Lensing}",
  journal = {ArXiv e-prints},
archivePrefix = "arXiv",
   eprint = {1708.01530},
 keywords = {Astrophysics - Cosmology and Nongalactic Astrophysics},
     year = 2017,
    month = aug,
   adsurl = {http://adsabs.harvard.edu/abs/2017arXiv170801530D},
  adsnote = {Provided by the SAO/NASA Astrophysics Data System}
}


@ARTICLE{Liu_2017,
   author = {{Liu}, J. and {Bird}, S. and {Zorrilla Matilla}, J.~M. and {Hill}, J.~C. and
	{Haiman}, Z. and {Madhavacheril}, M.~S. and {Petri}, A. and
	{Spergel}, D.~N.},
    title = "{MassiveNuS: Cosmological Massive Neutrino Simulations}",
  journal = {ArXiv e-prints},
archivePrefix = "arXiv",
   eprint = {1711.10524},
 keywords = {Astrophysics - Cosmology and Nongalactic Astrophysics, Astrophysics - Astrophysics of Galaxies},
     year = 2017,
    month = nov,
   adsurl = {http://adsabs.harvard.edu/abs/2017arXiv171110524L},
  adsnote = {Provided by the SAO/NASA Astrophysics Data System}
}

@ARTICLE{Ma_1994,
   author = {{Ma}, C.-P. and {Bertschinger}, E.},
    title = "{A calculation of the full neutrino phase space in cold + hot dark matter models}",
  journal = {\apj},
   eprint = {astro-ph/9308006},
 keywords = {Astronomical Models, Cosmology, Dark Matter, Kinetic Equations, Neutrinos, Boltzmann Transport Equation, Computerized Simulation, Einstein Equations, Fermi-Dirac Statistics, Free Flow, Gauge Invariance, Linear Evolution Equations},
     year = 1994,
    month = jul,
   volume = 429,
    pages = {22-28},
      doi = {10.1086/174298},
   adsurl = {http://adsabs.harvard.edu/abs/1994ApJ...429...22M},
  adsnote = {Provided by the SAO/NASA Astrophysics Data System}
}


@ARTICLE{Mummery_2017,
   author = {{Mummery}, B.~O. and {McCarthy}, I.~G. and {Bird}, S. and {Schaye}, J.
	},
    title = "{The separate and combined effects of baryon physics and neutrino free streaming on large-scale structure}",
  journal = {\mnras},
archivePrefix = "arXiv",
   eprint = {1702.02064},
 keywords = {galaxies: clusters: general, galaxies: haloes, large-scale structure of Universe, cosmology: theory},
     year = 2017,
    month = oct,
   volume = 471,
    pages = {227-242},
      doi = {10.1093/mnras/stx1469},
   adsurl = {http://adsabs.harvard.edu/abs/2017MNRAS.471..227M},
  adsnote = {Provided by the SAO/NASA Astrophysics Data System}
}


@ARTICLE{McCarthy_2017,
   author = {{McCarthy}, I.~G. and {Schaye}, J. and {Bird}, S. and {Le Brun}, A.~M.~C.
	},
    title = "{The BAHAMAS project: calibrated hydrodynamical simulations for large-scale structure cosmology}",
  journal = {\mnras},
archivePrefix = "arXiv",
   eprint = {1603.02702},
 keywords = {galaxies: clusters: general, galaxies: haloes, cosmology: theory, large-scale structure of Universe},
     year = 2017,
    month = mar,
   volume = 465,
    pages = {2936-2965},
      doi = {10.1093/mnras/stw2792},
   adsurl = {http://adsabs.harvard.edu/abs/2017MNRAS.465.2936M},
  adsnote = {Provided by the SAO/NASA Astrophysics Data System}
}


@ARTICLE{McCarthy_2018,
   author = {{McCarthy}, I.~G. and {Bird}, S. and {Schaye}, J. and {Harnois-Deraps}, J. and
	{Font}, A.~S. and {van Waerbeke}, L.},
    title = "{The BAHAMAS project: the CMB--large-scale structure tension and the roles of massive neutrinos and galaxy formation}",
  journal = {ArXiv e-prints},
archivePrefix = "arXiv",
   eprint = {1712.02411},
 keywords = {Astrophysics - Cosmology and Nongalactic Astrophysics},
     year = 2017,
    month = dec,
   adsurl = {http://adsabs.harvard.edu/abs/2017arXiv171202411M},
  adsnote = {Provided by the SAO/NASA Astrophysics Data System}
}

@ARTICLE{YAH_15,
   author = {{Ali-Ha{\"i}moud}, Y.},
    title = "{Perturbative interaction approach to cosmological structure formation}",
  journal = {\prd},
archivePrefix = "arXiv",
   eprint = {1502.00580},
 keywords = {Cosmology, Dark matter},
     year = 2015,
    month = may,
   volume = 91,
   number = 10,
      eid = {103507},
    pages = {103507},
      doi = {10.1103/PhysRevD.91.103507},
   adsurl = {http://adsabs.harvard.edu/abs/2015PhRvD..91j3507A},
  adsnote = {Provided by the SAO/NASA Astrophysics Data System}
}

@ARTICLE{Dupuy_14,
   author = {{Dupuy}, H. and {Bernardeau}, F.},
    title = "{Describing massive neutrinos in cosmology as a collection of independent flows}",
  journal = {\jcap},
archivePrefix = "arXiv",
   eprint = {1311.5487},
     year = 2014,
    month = jan,
   volume = 1,
      eid = {030},
    pages = {030},
      doi = {10.1088/1475-7516/2014/01/030},
   adsurl = {http://adsabs.harvard.edu/abs/2014JCAP...01..030D},
  adsnote = {Provided by the SAO/NASA Astrophysics Data System}
}


@ARTICLE{OLeary_2012,
   author = {{O'Leary}, R.~M. and {McQuinn}, M.},
    title = "{The Formation of the First Cosmic Structures and the Physics of the z \~{} 20 Universe}",
  journal = {\apj},
archivePrefix = "arXiv",
   eprint = {1204.1344},
 keywords = {cosmology: theory, dark ages, reionization, first stars, galaxies: formation, galaxies: high-redshift, stars: Population III},
     year = 2012,
    month = nov,
   volume = 760,
      eid = {4},
    pages = {4},
      doi = {10.1088/0004-637X/760/1/4},
   adsurl = {http://adsabs.harvard.edu/abs/2012ApJ...760....4O},
  adsnote = {Provided by the SAO/NASA Astrophysics Data System}
}


@ARTICLE{Watson_2013,
   author = {{Watson}, W.~A. and {Iliev}, I.~T. and {D'Aloisio}, A. and {Knebe}, A. and
	{Shapiro}, P.~R. and {Yepes}, G.},
    title = "{The halo mass function through the cosmic ages}",
  journal = {\mnras},
archivePrefix = "arXiv",
   eprint = {1212.0095},
 keywords = {methods: numerical, galaxies: haloes, galaxies: high-redshift, cosmology: theory, dark matter, large-scale structure of Universe},
     year = 2013,
    month = aug,
   volume = 433,
    pages = {1230-1245},
      doi = {10.1093/mnras/stt791},
   adsurl = {http://adsabs.harvard.edu/abs/2013MNRAS.433.1230W},
  adsnote = {Provided by the SAO/NASA Astrophysics Data System}
}


@ARTICLE{Banerjee_2018,
   author = {{Banerjee}, A. and {Powell}, D. and {Abel}, T. and {Villaescusa-Navarro}, F.
	},
    title = "{Reducing Noise in Cosmological N-body Simulations with Neutrinos}",
  journal = {ArXiv e-prints},
archivePrefix = "arXiv",
   eprint = {1801.03906},
 keywords = {Astrophysics - Cosmology and Nongalactic Astrophysics},
     year = 2018,
    month = jan,
   adsurl = {http://adsabs.harvard.edu/abs/2018arXiv180103906B},
  adsnote = {Provided by the SAO/NASA Astrophysics Data System}
}


@ARTICLE{Hand_2017,
   author = {{Hand}, N. and {Feng}, Y. and {Beutler}, F. and {Li}, Y. and
	{Modi}, C. and {Seljak}, U. and {Slepian}, Z.},
    title = "{nbodykit: an open-source, massively parallel toolkit for large-scale structure}",
  journal = {ArXiv e-prints},
archivePrefix = "arXiv",
   eprint = {1712.05834},
 primaryClass = "astro-ph.IM",
 keywords = {Astrophysics - Instrumentation and Methods for Astrophysics, Astrophysics - Cosmology and Nongalactic Astrophysics},
     year = 2017,
    month = dec,
   adsurl = {http://adsabs.harvard.edu/abs/2017arXiv171205834H},
  adsnote = {Provided by the SAO/NASA Astrophysics Data System}
}


@ARTICLE{Smith_2003,
   author = {{Smith}, R.~E. and {Peacock}, J.~A. and {Jenkins}, A. and {White}, S.~D.~M. and
	{Frenk}, C.~S. and {Pearce}, F.~R. and {Thomas}, P.~A. and {Efstathiou}, G. and
	{Couchman}, H.~M.~P.},
    title = "{Stable clustering, the halo model and non-linear cosmological power spectra}",
  journal = {\mnras},
   eprint = {astro-ph/0207664},
 keywords = {methods: N-body simulations, cosmology: theory, large-scale structure of Universe},
     year = 2003,
    month = jun,
   volume = 341,
    pages = {1311-1332},
      doi = {10.1046/j.1365-8711.2003.06503.x},
   adsurl = {http://adsabs.harvard.edu/abs/2003MNRAS.341.1311S},
  adsnote = {Provided by the SAO/NASA Astrophysics Data System}
}

@ARTICLE{Lesgourgues_11,
   author = {{Lesgourgues}, J.},
    title = "{The Cosmic Linear Anisotropy Solving System (CLASS) I: Overview}",
  journal = {ArXiv e-prints},
archivePrefix = "arXiv",
   eprint = {1104.2932},
 primaryClass = "astro-ph.IM",
 keywords = {Astrophysics - Instrumentation and Methods for Astrophysics, Astrophysics - Cosmology and Extragalactic Astrophysics},
     year = 2011,
    month = apr,
   adsurl = {http://adsabs.harvard.edu/abs/2011arXiv1104.2932L},
  adsnote = {Provided by the SAO/NASA Astrophysics Data System}
}

@ARTICLE{Blas_11,
   author = {{Blas}, D. and {Lesgourgues}, J. and {Tram}, T.},
    title = "{The Cosmic Linear Anisotropy Solving System (CLASS). Part II: Approximation schemes}",
  journal = {\jcap},
archivePrefix = "arXiv",
   eprint = {1104.2933},
     year = 2011,
    month = jul,
   volume = 7,
      eid = {034},
    pages = {034},
      doi = {10.1088/1475-7516/2011/07/034},
   adsurl = {http://adsabs.harvard.edu/abs/2011JCAP...07..034B},
  adsnote = {Provided by the SAO/NASA Astrophysics Data System}
}

@ARTICLE{Healpix,
   author = {{G{\'o}rski}, K.~M. and {Hivon}, E. and {Banday}, A.~J. and
	{Wandelt}, B.~D. and {Hansen}, F.~K. and {Reinecke}, M. and
	{Bartelmann}, M.},
    title = "{HEALPix: A Framework for High-Resolution Discretization and Fast Analysis of Data Distributed on the Sphere}",
  journal = {\apj},
   eprint = {astro-ph/0409513},
 keywords = {Cosmology: Cosmic Microwave Background, Cosmology: Observations, Methods: Statistical},
     year = 2005,
    month = apr,
   volume = 622,
    pages = {759-771},
      doi = {10.1086/427976},
   adsurl = {http://adsabs.harvard.edu/abs/2005ApJ...622..759G},
  adsnote = {Provided by the SAO/NASA Astrophysics Data System}
}

@ARTICLE{Emberson_17,
   author = {{Emberson}, J.~D. and {Yu}, H.-R. and {Inman}, D. and {Zhang}, T.-J. and
	{Pen}, U.-L. and {Harnois-D{\'e}raps}, J. and {Yuan}, S. and
	{Teng}, H.-Y. and {Zhu}, H.-M. and {Chen}, X. and {Xing}, Z.-Z.
	},
    title = "{Cosmological neutrino simulations at extreme scale}",
  journal = {Research in Astronomy and Astrophysics},
archivePrefix = "arXiv",
   eprint = {1611.01545},
     year = 2017,
    month = aug,
   volume = 17,
      eid = {085},
    pages = {085},
      doi = {10.1088/1674-4527/17/8/85},
   adsurl = {http://adsabs.harvard.edu/abs/2017RAA....17...85E},
  adsnote = {Provided by the SAO/NASA Astrophysics Data System}
}


@ARTICLE{Valkenburg_2017,
   author = {{Valkenburg}, W. and {Villaescusa-Navarro}, F.},
    title = "{Accurate initial conditions in mixed dark matter-baryon simulations}",
  journal = {\mnras},
archivePrefix = "arXiv",
   eprint = {1610.08501},
 keywords = {hydrodynamics, methods: numerical, large-scale structure of Universe},
     year = 2017,
    month = jun,
   volume = 467,
    pages = {4401-4409},
      doi = {10.1093/mnras/stx376},
   adsurl = {http://adsabs.harvard.edu/abs/2017MNRAS.467.4401V},
  adsnote = {Provided by the SAO/NASA Astrophysics Data System}
}


@ARTICLE{Fidler_2015,
   author = {{Fidler}, C. and {Rampf}, C. and {Tram}, T. and {Crittenden}, R. and
	{Koyama}, K. and {Wands}, D.},
    title = "{General relativistic corrections to N -body simulations and the Zel'dovich approximation}",
  journal = {\prd},
archivePrefix = "arXiv",
   eprint = {1505.04756},
 keywords = {Cosmology, Distances redshifts radial velocities, spatial distribution of galaxies, Galaxy groups clusters and superclusters, large scale structure of the Universe, Mathematical and relativistic aspects of cosmology},
     year = 2015,
    month = dec,
   volume = 92,
   number = 12,
      eid = {123517},
    pages = {123517},
      doi = {10.1103/PhysRevD.92.123517},
   adsurl = {http://adsabs.harvard.edu/abs/2015PhRvD..92l3517F},
  adsnote = {Provided by the SAO/NASA Astrophysics Data System}
}

@ARTICLE{Behroozi_2013,
   author = {{Behroozi}, P.~S. and {Wechsler}, R.~H. and {Wu}, H.-Y.},
    title = "{The ROCKSTAR Phase-space Temporal Halo Finder and the Velocity Offsets of Cluster Cores}",
  journal = {\apj},
archivePrefix = "arXiv",
   eprint = {1110.4372},
 primaryClass = "astro-ph.CO",
 keywords = {dark matter, methods: numerical},
     year = 2013,
    month = jan,
   volume = 762,
      eid = {109},
    pages = {109},
      doi = {10.1088/0004-637X/762/2/109},
   adsurl = {http://adsabs.harvard.edu/abs/2013ApJ...762..109B},
  adsnote = {Provided by the SAO/NASA Astrophysics Data System}
}

@ARTICLE{Tinker_2008,
   author = {{Tinker}, J. and {Kravtsov}, A.~V. and {Klypin}, A. and {Abazajian}, K. and
	{Warren}, M. and {Yepes}, G. and {Gottl{\"o}ber}, S. and {Holz}, D.~E.
	},
    title = "{Toward a Halo Mass Function for Precision Cosmology: The Limits of Universality}",
  journal = {\apj},
archivePrefix = "arXiv",
   eprint = {0803.2706},
 keywords = {cosmology: theory, large-scale structure of universe, methods: numerical},
     year = 2008,
    month = dec,
   volume = 688,
      eid = {709-728},
    pages = {709-728},
      doi = {10.1086/591439},
   adsurl = {http://adsabs.harvard.edu/abs/2008ApJ...688..709T},
  adsnote = {Provided by the SAO/NASA Astrophysics Data System}
}

@ARTICLE{deSalas_17,
   author = {{de Salas}, P.~F. and {Forero}, D.~V. and {Ternes}, C.~A. and
	{Tortola}, M. and {Valle}, J.~W.~F.},
    title = "{Status of neutrino oscillations 2017}",
  journal = {ArXiv e-prints},
archivePrefix = "arXiv",
   eprint = {1708.01186},
 primaryClass = "hep-ph",
 keywords = {High Energy Physics - Phenomenology, High Energy Physics - Experiment},
     year = 2017,
    month = aug,
   adsurl = {http://adsabs.harvard.edu/abs/2017arXiv170801186D},
  adsnote = {Provided by the SAO/NASA Astrophysics Data System}
}

@ARTICLE{Abazajian_16,
   author = {{Abazajian}, K.~N. and {Adshead}, P. and {Ahmed}, Z. and {Allen}, S.~W. and
	{Alonso}, D. and {Arnold}, K.~S. and {Baccigalupi}, C. and {Bartlett}, J.~G. and
	{Battaglia}, N. and {Benson}, B.~A. and {Bischoff}, C.~A. and
	{Borrill}, J. and {Buza}, V. and {Calabrese}, E. and {Caldwell}, R. and
	{Carlstrom}, J.~E. and {Chang}, C.~L. and {Crawford}, T.~M. and
	{Cyr-Racine}, F.-Y. and {De Bernardis}, F. and {de Haan}, T. and
	{di Serego Alighieri}, S. and {Dunkley}, J. and {Dvorkin}, C. and
	{Errard}, J. and {Fabbian}, G. and {Feeney}, S. and {Ferraro}, S. and
	{Filippini}, J.~P. and {Flauger}, R. and {Fuller}, G.~M. and
	{Gluscevic}, V. and {Green}, D. and {Grin}, D. and {Grohs}, E. and
	{Henning}, J.~W. and {Hill}, J.~C. and {Hlozek}, R. and {Holder}, G. and
	{Holzapfel}, W. and {Hu}, W. and {Huffenberger}, K.~M. and {Keskitalo}, R. and
	{Knox}, L. and {Kosowsky}, A. and {Kovac}, J. and {Kovetz}, E.~D. and
	{Kuo}, C.-L. and {Kusaka}, A. and {Le Jeune}, M. and {Lee}, A.~T. and
	{Lilley}, M. and {Loverde}, M. and {Madhavacheril}, M.~S. and
	{Mantz}, A. and {Marsh}, D.~J.~E. and {McMahon}, J. and {Meerburg}, P.~D. and
	{Meyers}, J. and {Miller}, A.~D. and {Munoz}, J.~B. and {Nguyen}, H.~N. and
	{Niemack}, M.~D. and {Peloso}, M. and {Peloton}, J. and {Pogosian}, L. and
	{Pryke}, C. and {Raveri}, M. and {Reichardt}, C.~L. and {Rocha}, G. and
	{Rotti}, A. and {Schaan}, E. and {Schmittfull}, M.~M. and {Scott}, D. and
	{Sehgal}, N. and {Shandera}, S. and {Sherwin}, B.~D. and {Smith}, T.~L. and
	{Sorbo}, L. and {Starkman}, G.~D. and {Story}, K.~T. and {van Engelen}, A. and
	{Vieira}, J.~D. and {Watson}, S. and {Whitehorn}, N. and {Kimmy Wu}, W.~L.
	},
    title = "{CMB-S4 Science Book, First Edition}",
  journal = {ArXiv e-prints},
archivePrefix = "arXiv",
   eprint = {1610.02743},
 keywords = {Astrophysics - Cosmology and Nongalactic Astrophysics, General Relativity and Quantum Cosmology, High Energy Physics - Phenomenology, High Energy Physics - Theory},
     year = 2016,
    month = oct,
   adsurl = {http://adsabs.harvard.edu/abs/2016arXiv161002743A},
  adsnote = {Provided by the SAO/NASA Astrophysics Data System}
}

@ARTICLE{Crocce_06,
   author = {{Crocce}, M. and {Pueblas}, S. and {Scoccimarro}, R.},
    title = "{Transients from initial conditions in cosmological simulations}",
  journal = {\mnras},
   eprint = {astro-ph/0606505},
 keywords = {methods: numerical, large-scale structure of Universe},
     year = 2006,
    month = nov,
   volume = 373,
    pages = {369-381},
      doi = {10.1111/j.1365-2966.2006.11040.x},
   adsurl = {http://adsabs.harvard.edu/abs/2006MNRAS.373..369C},
  adsnote = {Provided by the SAO/NASA Astrophysics Data System}
}

@ARTICLE{Chiang_17,
   author = {{Chiang}, C.-T. and {Hu}, W. and {Li}, Y. and {LoVerde}, M.},
    title = "{Scale-dependent bias and bispectrum in neutrino separate universe simulations}",
  journal = {ArXiv e-prints},
archivePrefix = "arXiv",
   eprint = {1710.01310},
 keywords = {Astrophysics - Cosmology and Nongalactic Astrophysics},
     year = 2017,
    month = oct,
   adsurl = {http://adsabs.harvard.edu/abs/2017arXiv171001310C},
  adsnote = {Provided by the SAO/NASA Astrophysics Data System}
}

@ARTICLE{Loverde_14,
   author = {{LoVerde}, M.},
    title = "{Halo bias in mixed dark matter cosmologies}",
  journal = {\prd},
archivePrefix = "arXiv",
   eprint = {1405.4855},
 keywords = {Cosmology, Observational cosmology, Neutrino muon pion and other elementary particles, cosmic rays},
     year = 2014,
    month = oct,
   volume = 90,
   number = 8,
      eid = {083530},
    pages = {083530},
      doi = {10.1103/PhysRevD.90.083530},
   adsurl = {http://adsabs.harvard.edu/abs/2014PhRvD..90h3530L},
  adsnote = {Provided by the SAO/NASA Astrophysics Data System}
}


@ARTICLE{Ruggeri_18,
   author = {{Ruggeri}, R. and {Castorina}, E. and {Carbone}, C. and {Sefusatti}, E.
	},
    title = "{DEMNUni: massive neutrinos and the bispectrum of large scale structures}",
  journal = {\jcap},
archivePrefix = "arXiv",
   eprint = {1712.02334},
     year = 2018,
    month = mar,
   volume = 3,
      eid = {003},
    pages = {003},
      doi = {10.1088/1475-7516/2018/03/003},
   adsurl = {http://adsabs.harvard.edu/abs/2018JCAP...03..003R},
  adsnote = {Provided by the SAO/NASA Astrophysics Data System}
}

@ARTICLE{Vagnozzi:2017,
   author = {{Vagnozzi}, S. and {Giusarma}, E. and {Mena}, O. and {Freese}, K. and
	{Gerbino}, M. and {Ho}, S. and {Lattanzi}, M.},
    title = "{Unveiling {$\nu$} secrets with cosmological data: Neutrino masses and mass hierarchy}",
  journal = {\prd},
archivePrefix = "arXiv",
   eprint = {1701.08172},
     year = 2017,
    month = dec,
   volume = 96,
   number = 12,
      eid = {123503},
    pages = {123503},
      doi = {10.1103/PhysRevD.96.123503},
   adsurl = {http://adsabs.harvard.edu/abs/2017PhRvD..96l3503V},
  adsnote = {Provided by the SAO/NASA Astrophysics Data System}
}

@ARTICLE{Poulin:2018,
   author = {{Poulin}, V. and {Boddy}, K.~K. and {Bird}, S. and {Kamionkowski}, M.
	},
    title = "{The implications of an extended dark energy cosmology with massive neutrinos for cosmological tensions}",
  journal = {ArXiv e-prints},
archivePrefix = "arXiv",
   eprint = {1803.02474},
 keywords = {Astrophysics - Cosmology and Nongalactic Astrophysics},
     year = 2018,
    month = mar,
   adsurl = {http://adsabs.harvard.edu/abs/2018arXiv180302474P},
  adsnote = {Provided by the SAO/NASA Astrophysics Data System}
}


@ARTICLE{FontRibera:2014,
   author = {{Font-Ribera}, A. and {McDonald}, P. and {Mostek}, N. and {Reid}, B.~A. and
	{Seo}, H.-J. and {Slosar}, A.},
    title = "{DESI and other Dark Energy experiments in the era of neutrino mass measurements}",
  journal = {\jcap},
archivePrefix = "arXiv",
   eprint = {1308.4164},
     year = 2014,
    month = may,
   volume = 5,
      eid = {023},
    pages = {023},
      doi = {10.1088/1475-7516/2014/05/023},
   adsurl = {http://adsabs.harvard.edu/abs/2014JCAP...05..023F},
  adsnote = {Provided by the SAO/NASA Astrophysics Data System}
}

@ARTICLE{Banerjee:2018,
   author = {{Banerjee}, A. and {Jain}, B. and {Dalal}, N. and {Shelton}, J.
	},
    title = "{Tests of neutrino and dark radiation models from galaxy and CMB surveys}",
  journal = {\jcap},
archivePrefix = "arXiv",
   eprint = {1612.07126},
     year = 2018,
    month = jan,
   volume = 1,
      eid = {022},
    pages = {022},
      doi = {10.1088/1475-7516/2018/01/022},
   adsurl = {http://adsabs.harvard.edu/abs/2018JCAP...01..022B},
  adsnote = {Provided by the SAO/NASA Astrophysics Data System}
}



@ARTICLE{Basse:2014,
   author = {{Basse}, T. and {Eggers Bj{\ae}lde}, O. and {Hamann}, J. and
	{Hannestad}, S. and {Wong}, Y.~Y.~Y.},
    title = "{Dark energy properties from large future galaxy surveys}",
  journal = {\jcap},
archivePrefix = "arXiv",
   eprint = {1304.2321},
     year = 2014,
    month = may,
   volume = 5,
      eid = {021},
    pages = {021},
      doi = {10.1088/1475-7516/2014/05/021},
   adsurl = {http://adsabs.harvard.edu/abs/2014JCAP...05..021B},
  adsnote = {Provided by the SAO/NASA Astrophysics Data System}
}


@ARTICLE{Archidiacono:2017,
   author = {{Archidiacono}, M. and {Brinckmann}, T. and {Lesgourgues}, J. and
	{Poulin}, V.},
    title = "{Physical effects involved in the measurements of neutrino masses with future cosmological data}",
  journal = {\jcap},
archivePrefix = "arXiv",
   eprint = {1610.09852},
     year = 2017,
    month = feb,
   volume = 2,
      eid = {052},
    pages = {052},
      doi = {10.1088/1475-7516/2017/02/052},
   adsurl = {http://adsabs.harvard.edu/abs/2017JCAP...02..052A},
  adsnote = {Provided by the SAO/NASA Astrophysics Data System}
}


@ARTICLE{Dakin:2017,
   author = {{Dakin}, J. and {Brandbyge}, J. and {Hannestad}, S. and {Haugb{\o}lle}, T. and
	{Tram}, T.},
    title = "{$\nu$CO$N$CEPT: Cosmological neutrino simulations from the non-linear Boltzmann hierarchy}",
  journal = {ArXiv e-prints},
archivePrefix = "arXiv",
   eprint = {1712.03944},
 keywords = {Astrophysics - Cosmology and Nongalactic Astrophysics, High Energy Physics - Phenomenology},
     year = 2017,
    month = dec,
   adsurl = {http://adsabs.harvard.edu/abs/2017arXiv171203944D},
  adsnote = {Provided by the SAO/NASA Astrophysics Data System}
}


@ARTICLE{Brandbyge:2018,
   author = {{Brandbyge}, J. and {Hannestad}, S. and {Tram}, T.},
    title = "{Momentum space sampling of neutrinos in $N$-body simulations}",
  journal = {ArXiv e-prints},
archivePrefix = "arXiv",
   eprint = {1806.05874},
 keywords = {Astrophysics - Cosmology and Nongalactic Astrophysics},
     year = 2018,
    month = jun,
   adsurl = {http://adsabs.harvard.edu/abs/2018arXiv180605874B},
  adsnote = {Provided by the SAO/NASA Astrophysics Data System}
}


@ARTICLE{Tassev:2012,
   author = {{Tassev}, S. and {Zaldarriaga}, M.},
    title = "{Estimating CDM particle trajectories in the mildly non-linear regime of structure formation. Implications for the density field in real and redshift space}",
  journal = {\jcap},
archivePrefix = "arXiv",
   eprint = {1203.5785},
     year = 2012,
    month = dec,
   volume = 12,
      eid = {011},
    pages = {011},
      doi = {10.1088/1475-7516/2012/12/011},
   adsurl = {http://adsabs.harvard.edu/abs/2012JCAP...12..011T},
  adsnote = {Provided by the SAO/NASA Astrophysics Data System}
}
